1868 3039
65 69 108 96 I77

61 117 90 149 ξ
104 115 184 142 νοῦσα
197 123 204 147 ;
221 114 270 141 καὶ
287 113 345 150 ὲγώ
359 116 420 151 εἰμι
431 115 578 147 ἀπόστολος
594 117 662 153 πρὸς
680 117 709 143 σὲ
725 116 851 152 σκληρός.

62 164 182 195 Ἄλλως,
199 162 242 188 ὅτι
255 162 320 188 τάδε
336 161 414 196 λέγει
433 162 544 198 Κύριος,
555 163 663 198 Σκληρὰ
675 162 730 196 ὲγὼ
748 164 853 189 ἐπαπο-

60 208 157 234 στέλλω
169 208 219 234 ἐπὶ
231 207 273 235 σέ.
290 208 348 235 Καὶ
362 208 487 243 εἰσῆλθεν
504 207 572 235 Ἀνὼ
588 207 657 243 πρὸς
675 208 721 235 τὸν
747 207 852 244 ἄνθρω-

60 264 105 282 πον
119 254 166 281 τοῦ
182 253 264 286 Θεοῦ,
278 254 330 281 καὶ
345 251 424 281 εἶπεν
438 255 507 290 αὐτῇ
526 254 612 289 ’Δχιὰ,
628 253 710 280 Ίνατι
723 254 853 289 ὲνήνοχὰς

59 309 101 335 μοι
117 301 230 335 ἄρτους,
243 300 292 327 καὶ
306 300 456 336 σταφυλὴν,
469 300 515 327 καὶ
525 299 664 336 κολλύρια,
674 299 721 327 καὶ
734 299 852 335 στάμνον

59 345 166 379 μέλιτος
176 353 186 378 ;

58 466 92 499 Χ
105 465 195 501 ὃσάμθ
217 465 289 492 Τάδε
308 466 381 500 λέγει
402 466 503 502 Κύριος
516 467 530 493 ό
548 466 614 499 Θεδς
632 466 756 503 ’ἰσραήλ“
779 467 849 494 Ἀν8¹

59 512 91 544 Χ
104 509 135 538 οὗ
151 511 216 537 ὅσον
232 511 329 545 ὔψωσά
343 520 372 538 σε
387 512 440 539 ἀπὸ
458 513 540 547 μέσου
554 512 600 539 τοῦ
612 513 688 545 λαοῦ,
699 512 745 539 καὶ
760 512 849 539 ἔδωκά

60 557 92 589 Χ
106 565 137 582 σε
151 556 306 592 ἡγούμενον
322 558 369 584 ἐπὶ
381 557 426 584 τὸν
438 558 501 584 λαὸν
521 558 638 594 Ἰσραήλ.

630 70 694 98 LIB.
717 71 750 98 III
778 70 900 100 [IEGUM
918 73 1034 102 CAPUT
1054 75 1123 104 XIV.

1637 79 1687 106 ΠΒ

905 120 978 147 Dura
989 129 1039 156 ego
1055 121 1172 149 immitto
1186 129 1268 157 super
1282 126 1316 149 te.
1341 121 1374 150 Et
1387 123 1509 158 ingressa
1529 128 1571 152 cst
1583 124 1642 152 Ano
1653 125 1686 150 ad

904 165 1042 193 hominem
1071 167 1129 200 Dei,
1145 171 1172 194 et
1188 167 1257 194 dixit
1271 167 1297 194 ei
1314 167 1399 194 Acliia
1413 177 1419 195 :
1437 167 1471 196 Ut
1483 169 1548 203 quid
1573 170 1686 196 attuliin

905 210 971 237 mihi
985 219 1070 245 panes
1095 215 1122 239 et
1147 219 1238 244 uvam,
1254 216 1282 239 et
1295 212 1452 248 collyridas,
1470 218 1497 240 et
1509 221 1556 241 vas
1574 214 1662 241 mellis
1676 215 1688 240 2’

909 254 968 282 Vul.
981 255 1092 283 Audivit
1111 256 1194 283 Aliias
1218 257 1336 284 sonitum
1354 257 1452 291 pedum
1469 257 1527 292 ejus
1546 258 1686 285 introeun-

903 300 938 328 tis
953 308 1001 335 per
1015 301 1128 333 ostium,
1143 306 1170 328 et
1182 302 1219 329 ait
1236 310 1242 328 :
1261 301 1414 337 Ingredere,
1431 310 1501 329 uxor
1517 302 1660 330 Jeroboam
1678 313 1684 330 ε

902 353 987 380 quare
1002 346 1083 373 aliam
1110 350 1136 373 to
1165 354 1225 374 esse
1254 346 1388 374 simulas?
1411 355 1461 382 ego
1477 352 1568 374 autem
1585 350 1687 376 missus

901 397 962 418 sum
978 389 1010 417 ad
1027 394 1053 417 te
1067 390 1153 418 durus
1171 391 1293 418 nuntius.

903 469 938 503 ΞΔ(
952 467 1036 496 extuli
1054 473 1081 498 te
1093 476 1109 497 e
1124 469 1214 496 medio
1230 468 1333 503 populi,
1348 471 1374 495 et.
1387 468 1447 496 dedi
1468 473 1492 496 te
1517 469 1614 496 ducem
1641 478 1686 496 su-

901 515 935 548 )ε(
950 522 998 549 per
1008 515 1136 550 populum
1149 514 1240 542 Israel.
1260 514 1317 541 ναι.
1335 513 1418 546 Vade,
1431 519 1457 541 et
1469 514 1511 541 die
1524 514 1666 542 Jeroboam
1679 525 1684 542 :

900 558 962 586 Περ
974 559 1039 586 dicit
1056 559 1187 587 Dominus
1207 558 1279 587 Deus
1292 558 1390 587 Israel:
1407 559 1475 592 Quia
1486 561 1601 587 exaltavi
1617 565 1641 587 te
1654 561 1687 587 de

60 603 148 631 medio
161 604 269 639 populi,
287 609 315 633 et
333 605 395 633 dedi
423 611 450 632 te
477 606 575 633 ducem
603 613 685 641 super
713 605 843 640 populum
863 613 955 633 meum
973 606 1067 634 Israel.

61 681 194 716 Χέδωκα
207 681 274 708 αὒτὸ
289 690 341 714 σοι,
364 682 412 709 καὶ
435 682 484 709 οὐκ
506 682 598 717 ἐγένου
621 682 659 714 ὡς
687 682 777 714 δοῦλός
795 691 846 717 μου

63 731 92 762 ᾖ(
107 728 203 760 Δαυὶδ,
222 728 253 759 ὃς
268 727 383 762 ἐφύλαξε
397 728 445 759 τὰς
457 728 565 760 ἐντολάς
584 737 634 764 μου
644 748 652 760 ,
670 729 717 755 καὶ
737 728 766 760 ὃς
782 729 846 755 ἐπο-

63 775 92 807 χ
105 773 194 808 ρεύθη
208 773 296 799 ὀπίσω
315 781 367 808 μου
379 774 408 800 ὲν
425 773 499 809 πάσῃ
516 773 615 808 καρδίᾳ
627 771 711 801 αὑτοῦ
724 773 770 799 τοῦ
787 781 846 799 ποι-

62 820 91 853 ξκ
103 820 171 854 ἧσαι
182 818 213 844 τὸ
233 818 311 850 esse;
322 819 353 844 ἐν
363 818 509 853 ὀφθαλμοῖς
528 827 589 853 μου.

901 684 934 717 Β(
950 687 980 710 ut
1006 690 1101 711 servus
1122 690 1200 711 meus
1225 683 1320 718 David,
1339 684 1385 719 qui
1401 684 1546 712 custodivit
1560 683 1685 711 mandata

901 728 935 760 Χ
950 735 1020 760 mea,
1031 732 1058 755 et
1074 727 1276 762 quiambulavit
1290 734 1350 763 post
1361 736 1405 756 me
1418 729 1443 756 in
1461 733 1517 756 toto
1531 729 1612 757 corde
1625 738 1684 760 suo.

902 774 935 807 Χ
951 773 1076 802 faciendo
1094 778 1199 802 rectum
1216 775 1242 802 in
1263 775 1351 802 oculis
1366 775 1443 802 meis.
1474 775 1549 810 Vulg.
1565 775 1598 802 Et
1618 776 1686 802 seidi

901 825 1014 853 regnum
1033 819 1132 847 domus
1150 819 1233 847 David
1262 825 1288 847 et
1313 820 1373 847 dedi
1394 820 1458 847 illud
1485 821 1549 853 tibi,
1582 825 1609 848 et
1632 829 1685 848 nun

64 866 130 894 l'u'nti
147 866 220 893 sicut
231 873 327 894 servus
344 873 422 894 meus
436 865 530 898 David,
541 866 588 901 qui
603 865 750 893 custodivit
776 865 903 894 mandata
928 874 998 900 mea,
1018 872 1045 895 et
1055 872 1164 896 secutus
1177 872 1220 896 est
1237 875 1281 895 me
1294 868 1320 895 in
1336 872 1392 896 toto
1407 868 1488 896 corde
1506 875 1566 901 suo,
1583 867 1686 895 faciens

64 912 127 946 quod
140 912 274 947 placitum
289 912 399 940 essetin
412 916 557 947 conspectu
572 919 643 939 meo.

56 991 92 1022 Χ
107 997 154 1015 πυ
164 997 172 1004 '
186 989 235 1015 καὶ
246 988 406 1024 ὲπορεὺθης,
429 989 475 1016 καὶ
486 988 616 1024 ἐποίησας
641 988 746 1024 σεαυτῷ
767 987 847 1020 θεοὺς

57 1036 92 1067 Χ
106 1034 219 1068 ἑτέρους
231 1035 279 1060 καὶ
291 1034 414 1068 χωνευτὰ
429 1034 476 1061 τοῦ
491 1035 656 1070 παροργεσαι
672 1043 717 1070 με,
734 1034 781 1061 καὶ
797 1034 847 1070 ἐμὲ

58 1080 92 1112 3.;
107 1077 225 1114 ἔρριψας
240 1078 328 1106 ὀπίσω
343 1086 401 1107 σου.

62 1252 241 1288 Χοῦρηῦντα
255 1251 324 1287 πρὸς
339 1253 439 1287 τοῖχον,
472 1251 634 1288 ὲπεχόμενον
664 1252 709 1282 καὶ
731 1253 846 1281 καταλε-

63 1301 95 1332 Χ
107 1297 255 1333 λειμμένον
275 1298 304 1324 ὲν
321 1297 440 1333 Ἰσραὴλ,
455 1298 502 1324 καὶ
517 1298 633 1332 ὲπιλὲξω
647 1298 693 1325 ἐπὶ
704 1299 779 1326 οῐκου
796 1300 846 1326 Ἰε-

63 1343 95 1376 x
111 1342 218 1378 ροὸοὰμ
234 1342 326 1375 καθὼς
345 1343 501 1378 ὲπιλέγεται
514 1344 530 1378 ἡ
543 1343 656 1379 κόπρος,
672 1343 725 1376 ἕως
739 1344 848 1371 τελειω-

62 1389 96 1421 x
107 1387 186 1422 θῆναι
204 1388 296 1415 αὐτόν.

901 988 934 1021 3o:
950 986 1014 1014 dum
1032 994 1086 1019 me,
1102 991 1130 1014 et
1143 994 1184 1014 me
1198 986 1334 1022 proiecisti
1346 991 1407 1022 post
1420 991 1454 1014 te.
1474 987 1550 1021 Vulg.
1565 987 1616 1015 Sed
1625 995 1686 1022 ope-

901 1037 976 1059 ratus
989 1038 1018 1059 es
1036 1031 1107 1059 mala
1125 1039 1206 1066 super
1228 1039 1322 1059 omnes
1337 1031 1383 1067 qui
1401 1032 1510 1060 fuerunt
1528 1037 1589 1060 ante
1606 1039 1641 1064 lc,
1660 1037 1687 1060 et

901 1076 989 1104 fecisti
1007 1077 1055 1104 tibi
1067 1077 1132 1105 deos
1143 1077 1247 1105 alienos
1259 1082 1286 1104 et
1307 1078 1467 1111 conllatilcs,
1482 1082 1512 1105 ut
1525 1085 1567 1105 me
1584 1079 1618 1106 ad
1632 1078 1686 1105 ira-

901 1123 1027 1151 cundiam
1041 1131 1215 1158 provocatos,
1233 1132 1276 1152 mo
1287 1131 1378 1152 autem
1390 1124 1528 1159 proiecisti
1545 1130 1607 1159 post
1621 1133 1684 1152 cor-

901 1176 952 1204 pus
963 1172 1052 1197 tuum.

900 1256 934 1294 ἤ(
948 1263 1031 1291 Super
1046 1256 1154 1284 domum
1168 1255 1401 1289 Jeroboam,sicut
1418 1258 1554 1292 colligitur
1569 1262 1683 1291 stercus,

900 1301 934 1334 Χ
950 1301 1037 1328 donec
1049 1306 1228 1336 consumptus
1244 1301 1333 1329 fuerit.
1348 1301 1424 1337 Vulg.
1440 1302 1542 1330 Idcirco
1559 1310 1621 1331 ecce
1635 1311 1685 1338 ego

901 1345 1028 1375 inducam
1041 1347 1110 1374 mala
1129 1354 1210 1382 super
1235 1347 1343 1375 domum
1368 1347 1523 1380 Jeroboam,
1545 1352 1574 1376 et
1591 1356 1686 1383 percu-

902 1390 968 1417 tiam
983 1390 1016 1418 de
1031 1391 1176 1420 Jcrnboam
1188 1393 1352 1428 mingentem
1368 1393 1402 1420 ad
1427 1394 1555 1428 parietem
1569 1398 1596 1421 et
1610 1394 1684 1421 clau-

903 1437 1199 1467 sum,etuovissimum
1213 1438 1240 1466 in
1257 1437 1360 1466 Israel:
1376 1442 1402 1466 et
1413 1439 1549 1467 muudabo
1558 1439 1685 1474 reliquias

63 1478 158 1507 domus
172 1479 318 1508 Ieroboam
334 1479 407 1508 sicut
419 1479 545 1508 mundari
561 1480 632 1509 solet
661 1480 743 1510 ﬁmus
759 1489 847 1517 usque
864 1482 897 1510 ad
910 1491 1020 1518 purum.

65 1604 97 1637 Χ
109 1611 154 1629 ται
167 1603 192 1630 οἱ
209 1602 300 1636 κύνες,
315 1604 362 1630 καὶ
376 1603 422 1630 τὸν
432 1603 582 1640 τεθνηκότα
601 1605 630 1631 ὲν
646 1604 685 1638 τῷ
708 1606 786 1643 ἀγρῷ
800 1615 848 1634 κα-

66 1648 259 1682 )οζταφάγεται
277 1649 312 1676 τὰ
329 1649 440 1677 πετεινὰ
461 1649 508 1676 τοῦ
527 1650 642 1687 οὐρανοῦ
656 1659 663 1666 ·
683 1651 724 1678 ὅτι
748 1652 849 1687 Κύριος

67 1695 97 1728 ξε(
111 1694 236 1729 ὲλάλησι.

67 1822 98 1855 ξ(
113 1822 155 1853 sl;
165 1820 240 1850 οἶκόν
253 1831 310 1851 σου.
333 1823 378 1850 Ἐν
393 1821 432 1859 τῷ
448 1824 618 1860 εῑσέρχεσθαι
629 1827 691 1858 τοὺς
704 1827 788 1859 πόδας
802 1835 849 1854 σου

68 1868 99 1900 χ
110 1867 161 1902 τὴν
175 1867 253 1895 πόλιν
268 1869 443 1897 ἀποθανεῖται
453 1869 484 1896 τὺ
498 1871 650 1906 παιδάριον.

67 1987 99 2019 Χ
115 1987 177 2013 Ὀτι
191 1984 268 2019 οὗτος
283 1987 362 2023 μόνος
375 1989 557 2017 εἰσελεύσεται
568 1990 606 2025 τῷ
625 1989 765 2026 Ἱεροὸοὰμ
781 1990 849 2026 πρὸς

68 2033 99 2065 Χ
113 2032 209 2067 τάφον,
223 2034 264 2060 ὅτι
279 2034 378 2070 εὑρέθη
402 2036 431 2060 ἐν
443 2035 516 2070 αὐτῷ
533 2036 608 2070 ῥῆμα
619 2035 700 2062 καλὸν
724 2035 847 2071 περὶτοῦ

66 2078 100 2112 Χ
111 2079 215 2114 Κυρίου
230 2079 298 2106 Θεοῦ
321 2080 428 2116 Ἰσραὴλ
445 2081 474 2108 ἐν
489 2081 555 2116 οἴκῳ
576 2081 727 2116 Ίεροϐοάμ.

67 2298 99 2331 Χ
113 2298 142 2330 ὃς
158 2298 255 2333 πλήξει
274 2298 320 2325 τὸν
339 2296 412 2326 οἷκον
433 2298 575 2334 Ίεροόοὰμ
591 2297 677 2335 ταύτῃ
692 2299 725 2334 τῇ
746 2298 848 2334 ἡμέρᾳ,

66 2343 98 2376 Χ
111 2343 159 2369 καὶ
174 2342 214 2369 ἔτι
229 2343 308 2378 καίγε
321 2343 379 2372 νῦν.

68 2515 99 2548 Χ
111 2515 140 2542 ὲν
154 2514 242 2548 ὕδατι,
271 2515 319 2542 καὶ
336 2515 438 2542 ὲκτιλεῖ
452 2515 497 2543 τὸν
516 2516 625 2552 Ἰσραὴλ
646 2516 700 2543 ἀπὸ
723 2516 779 2543 ἄνω
802 2516 853 2551 τῆς

68 2560 100 2594 Χ
113 2559 205 2595 χθόνος
217 2560 268 2595 τῆς
279 2559 386 2595 ἀγαθῆς
401 2559 513 2596 ταύτης,
529 2558 563 2596 ἦς
574 2560 658 2587 ἔδωκε
676 2561 732 2592 τοῖς
747 2559 853 2595 πατρά-

69 2606 100 2640 Ῑί(
113 2614 154 2633 σιν
169 2606 271 2640 αὐτῶν,
288 2606 337 2632 καὶ
354 2605 482 2640 λικμήσει
501 2606 599 2637 αὐτοὺς
623 2606 676 2632 ἀπὸ
698 2606 783 2640 πέραν
805 2605 852 2632 τοῦ

71 2652 234 2687 Χτωταμοῦ
260 2650 321 2678 ἀνθ’
342 2646 374 2676 οὗ
391 2650 452 2676 ὅσον
475 2650 606 2686 ἐποίησαν
624 2650 658 2678 τὰ
679 2644 748 2686 ἄλση
765 2649 853 2677 αὐτῶν

73 2699 100 2731 Χ
114 2697 333 2734 παροργισαντες
346 2696 395 2723 τὸν
411 2695 521 2731 Κύριον.

901 1610 935 1644 >ε<
950 1617 1014 1638 aves
1026 1610 1099 1643 caeli,
1113 1611 1178 1647 quia
1196 1611 1326 1639 Dominus
1338 1611 1445 1639 locutus
1461 1616 1511 1639 est.
1541 1611 1616 1647 Vulg.
1632 1611 1684 1645 Qui

902 1659 1003 1685 mortui
1031 1657 1133 1685 fuerint
1149 1657 1182 1685 de
1203 1657 1347 1685 Jeroboam
1365 1658 1391 1685 in
1407 1658 1524 1691 civitate,
1542 1659 1685 1686 comedent

902 1711 951 1730 eos
963 1711 1065 1731 canes:
1086 1703 1133 1738 qui
1147 1707 1237 1730 autem
1257 1704 1356 1731 mortui
1371 1704 1472 1731 ruerint
1494 1704 1522 1730 in
1544 1713 1619 1740 agro,
1634 1713 1681 1731 vo-

901 1749 1000 1776 rabunt
1013 1756 1060 1777 cos
1071 1756 1135 1777 aves
1157 1749 1219 1776 cmli
1233 1757 1239 1775 :
1252 1749 1315 1784 quia
1331 1749 1462 1777 Dominus
1477 1749 1584 1778 locutus
1598 1755 1648 1777 est.

902 1827 935 1861 )K
953 1826 1039 1853 rictur
1052 1825 1191 1862 puerulus.
1214 1825 1290 1861 Vulg.
1313 1826 1354 1854 Tu
1370 1827 1454 1862 igitur
1465 1835 1556 1863 surge,
1574 1833 1600 1856 et
1620 1829 1686 1856 vade

903 1871 930 1898 in
943 1871 1054 1898 domum
1070 1875 1144 1897 tuam
1162 1879 1169 1897 :
1183 1874 1210 1897 et
1225 1871 1252 1897 in
1269 1870 1328 1905 ipso
1342 1871 1453 1899 introitu
1465 1874 1563 1907 pedum
1576 1877 1683 1900 tuoruzu

904 1915 933 1941 in
946 1915 1050 1947 urbem,
1062 1916 1194 1943 morietur
1206 1922 1282 1950 puer.

904 1993 938 2026 x
950 1991 1035 2020 Deum
1051 1994 1134 2022 Israel
1150 1994 1178 2021 in
1189 1995 1270 2022 domo
1287 1994 1442 2022 Jeroboam.
1466 1993 1539 2029 Vulg.
1558 1993 1590 2021 Et
1606 1995 1684 2029 plun-

903 2042 948 2072 get
956 2044 1018 2064 eum
1041 2039 1132 2066 omnis
1145 2039 1237 2073 Israel,
1258 2044 1286 2067 et
1301 2039 1412 2073 sepeliet
1427 2048 1434 2066 :
1450 2039 1501 2067 iste
1516 2039 1588 2066 enim
1611 2039 1685 2066 solus

904 2083 1036 2111 inferetur
1053 2085 1085 2111 de
1099 2083 1244 2112 Jeroboam
1264 2085 1290 2112 in
1311 2085 1482 2119 sepulcrum,
1502 2084 1569 2118 quia.
1593 2084 1686 2110 inven-

905 2134 948 2157 tus
962 2135 1003 2157 est
1020 2138 1103 2164 super
1116 2138 1149 2158 eo
1163 2138 1254 2158 sermo
1267 2131 1356 2159 bonus
1367 2138 1383 2157 a
1395 2129 1510 2158 Domino
1526 2129 1580 2157 Deo
1593 2129 1684 2162 Israel,

904 2177 931 2204 in
944 2177 1026 2204 domo
1044 2175 1199 2204 lerohoam.

908 2299 986 2333 Vulg.
1005 2298 1153 2326 Constituit
1164 2302 1254 2326 autem
1269 2298 1320 2326 sibi
1350 2297 1479 2326 Dominus
1494 2306 1583 2335 regem
1603 2307 1686 2335 super

904 2343 998 2377 Israel,
1016 2345 1062 2379 qui
1076 2345 1208 2379 percutiet
1219 2344 1329 2372 domum
1345 2343 1488 2372 Jeroboam
1500 2346 1526 2372 in
1539 2345 1589 2372 hac
1599 2345 1685 2378 die,ct

904 2391 930 2418 In
945 2393 996 2419 hoc
1011 2396 1140 2427 tempore.

902 2509 1289 2550 Xdellitpatribuseorummt
1298 2512 1532 2540 ventilabitcosde
1548 2518 1620 2541 trans
1632 2514 1684 2540 llu-

903 2562 936 2596 )ι(
952 2568 1025 2593 men,
1036 2564 1178 2595 propterea
1203 2558 1277 2593 quod
1292 2557 1415 2585 fecerunt
1432 2558 1509 2586 lucos
1531 2567 1605 2592 suos,
1622 2568 1684 2594 pro-

904 2608 937 2641 x
952 2610 1082 2633 vocantes
1096 2604 1253 2632 Dominum.
1270 2603 1347 2638 Vulg.
1362 2603 1396 2630 Et
1410 2605 1541 2639 percutiet
1553 2603 1685 2634 Dominus

901 2652 974 2680 Deus
995 2651 1089 2684 Israel,
1108 2651 1180 2678 sicut
1196 2649 1296 2677 moveri
1314 2650 1383 2677 solet
1407 2650 1511 2678 arundo
1539 2650 1568 2677 in
1591 2659 1659 2686 aqua
1677 2671 1683 2678 .

902 2702 929 2726 et
940 2697 1036 2725 evellet
1054 2696 1137 2724 Israel
1151 2696 1185 2723 de
1205 2700 1276 2723 terra
1288 2695 1358 2723 bona
1374 2696 1434 2727 hac,
1450 2704 1531 2730 quam
1547 2696 1619 2723 dedit
1637 2704 1684 2731 pa:

73 2744 149 2773 tribus
160 2753 270 2780 eorum,
283 2748 310 2773 et
327 2742 471 2771 ventilahit
487 2751 533 2771 eos
550 2747 624 2772 trans
648 2744 746 2772 ﬂumen
763 2753 768 2772 :
787 2744 850 2780 quia
870 2744 993 2772 fecerunt
1003 2743 1054 2772 sibi
1071 2743 1158 2774 lucos,
1179 2745 1208 2768 ut
1219 2741 1357 2769 irritarent
1370 2741 1523 2768 Dominum.
