1868 3039
61 79 97 106 m
596 77 660 104 LIB.
682 77 716 105 Ill
745 76 866 106 REGUM
884 79 1000 108 CAPUT
1021 81 1090 110 XIV.

59 127 83 158 ξς(
94 123 163 151 ιώσα
175 131 182 155 ;
198 123 243 150 καὶ
257 120 312 156 ἐγώ
324 123 385 158 ειμι
397 123 545 154 ἀπόστολος
560 123 629 159 πρὸς
647 123 676 150 αὶ
691 122 818 158 σκληρός,

59 172 160 203 Ἄλλως,
175 170 215 196 ὅτι
228 169 288 196 τάδε
302 168 380 202 λέγει
399 168 511 204 Κύριος,
521 169 630 204 Σκληρὰ
642 168 697 203 ἐγὼ
714 170 819 196 ἐπαπο-

58 217 138 244 στέλλω
148 216 192 242 ἐπὶ
204 215 242 242 σέ.
258 215 315 242 Καὶ
329 215 454 250 εἰσῆλθεν
471 214 539 241 Ἀνὼ
555 214 624 249 πρὸς
641 215 688 241 τὸν
713 214 819 250 ἄνθρω-

57 272 93 291 1m
104 262 144 289 τοῦ
157 261 233 293 Θεοῦ,
246 261 296 288 καὶ
311 258 390 287 εἶπεν
405 261 473 296 αὐτῇ
492 260 579 295 ’Δχιὰ,
594 260 676 286 Ὶνατί
690 260 819 295 ὲνήνοχάς

57 318 90 343 μοι
102 308 199 344 ἄρτους,
211 307 258 334 καὶ
273 307 422 342 σταφυλὴν,
435 307 482 334 καὶ
491 306 630 343 κολλύρια,
641 305 688 333 καὶ
700 305 818 341 στάμνον

56 354 142 388 μέλιτος
150 360 158 386 ;

54 473 163 508 Χὸοάμ·
184 472 254 499 Τάδε
274 473 348 508 λέγει
368 473 469 509 Κύριος
483 474 497 500 ὁ
515 473 581 506 Θεὸς
599 473 723 510 Ἰσραήλ·
745 473 816 500 Ἀνθ“

54 520 78 552 χ
90 516 115 545 οὗ
127 519 182 544 ὅσον
197 518 295 552 ὖψωσά
310 528 339 545 σε
354 519 408 546 ἀπὸ
425 519 507 554 μέσου
521 519 567 545 τοῦ
579 519 655 551 λαοῦ,
667 519 713 546 καὶ
727 519 816 546 ἔδωκά

53 566 78 597 ζῆ(
91 573 115 590 σε
127 564 272 599 ἡγούμενον
289 565 335 591 ἐπὶ
347 565 393 592 τὸν
405 565 468 591 λαὸν
488 565 605 601 Ἰσραήλ.

1604 84 1653 112 I78

871 126 945 154 Dura
955 135 1005 162 ego
1022 127 1138 155 immitto
1152 135 1234 163 super
1248 131 1282 155 te.
1307 127 1340 156 Et
1354 129 1475 164 Ingressa
1495 134 1537 157 est
1550 130 1609 157 Ano
1620 131 1652 156 all

870 172 1009 200 hominem
1037 173 1095 206 Dei,
1111 177 1139 200 et
1154 173 1224 200 dixit
1238 173 1263 200 ei
1281 172 1386 200 Acilia:
1403 173 1438 201 L't
1450 174 1514 209 quid
1540 175 1654 202 attuliin

871 217 937 243 mihi
952 225 1036 252 panes
1061 222 1088 245 et
1113 225 1205 250 uvam,
1221 221 1248 245 et
1262 218 1419 253 collyridas,
1436 223 1464 246 et
1476 227 1523 247 vas
1540 220 1628 246 mellis
1643 220 1654 245 λε

875 260 935 288 Vul.
948 261 1059 289 Audivit
1077 262 1161 289 Allias
1184 262 1303 290 sonitum
1320 262 1418 297 pedum
1435 262 1494 297 ejus
1513 263 1653 291 introeun—

870 306 904 334 tis
919 314 967 341 per
981 307 1094 339 ostium,
1110 312 1137 334 et
1149 308 1186 335 ait
1202 317 1209 334 :
1227 307 1380 342 Ingredere,
1398 315 1467 334 uxor
1483 307 1627 336 Jeroboam
1645 319 1651 335 :

869 359 954 386 quare
969 352 1050 379 aliam
1077 356 1103 380 te
1132 360 1192 380 esse
1221 352 1355 380 simulas?
1378 360 1428 387 ego
1444 357 1535 380 autem
1552 356 1653 381 missus

868 403 929 424 sum
945 395 978 423 ad
994 400 1020 423 te
1034 396 1120 424 durus
1137 397 1260 424 nuntius.

870 476 905 510 )s(
919 474 1003 501 extuli
1022 480 1048 504 te
1060 483 1076 503 e
1092 475 1180 502 medio
1197 474 1300 509 populi,
1315 477 1341 501 et
1354 474 1414 502 dedi
1435 479 1459 501 te
1484 475 1580 502 ducem
1608 484 1654 502 su—

868 522 902 554 )ι(
918 528 965 556 per
975 521 1103 556 populum
1116 520 1208 547 Israel.
1227 520 1284 547 Vul.
1303 520 1385 552 Vade,
1398 525 1424 547 et
1435 520 1478 547 die
1490 520 1634 547 Jcroboam
1646 530 1652 547 :

868 564 930 592 Ilaec
941 565 1006 592 dicit
1023 565 1154 593 Dominus
1175 564 1246 593 Deus
1259 564 1357 593 Israel:
1374 564 1442 598 Quia
1453 566 1569 593 exaltari
1584 571 1608 593 te
1621 566 1654 592 de

53 611 124 638 medio
134 611 232 646 populi,
251 616 281 640 et
300 612 362 640 dedi
390 618 417 640 te
444 613 542 640 ducem
569 619 653 647 super
680 611 810 647 populum
830 619 922 640 meum
940 613 1033 640 Israel.

53 689 161 723 Χξδωκα
173 688 237 715 αὑτό
254 697 307 721 σοι,
331 689 379 716 καὶ
401 689 451 716 οὐκ
474 689 565 724 ἐγένου
588 689 626 720 ὡς
653 688 744 720 δοῦλός
762 697 812 724 μου

54 739 78 769 x
90 735 168 767 mu,
186 735 215 766 ὃς
231 735 350 769 ἐφύλαξε
364 735 412 767 τὰς
424 735 532 766 ἐντολάς
551 743 602 770 μου
612 754 619 766 ,
637 735 685 761 καὶ
704 735 734 766 ὃς
749 735 813 761 ὲπο-

53 783 77 815 χ
89 780 160 816 pe.qu
174 780 261 806 ὀπίσω
281 788 330 815 μου
346 781 374 808 ὲν
392 780 467 816 πάσῃ
483 779 582 815 καρδίᾳ
595 778 678 807 αὑτοῦ
691 779 737 805 τοῦ
754 787 813 805 ποι-

52 827 77 860 έο(
88 827 141 861 ἧσαι
150 825 178 851 τὸ
197 825 278 857 εὑθὲς
289 826 320 852 ὲν
330 825 477 860 ὀφθαλμοῖς
495 833 555 860 μου.

868 690 902 723 Χ
917 693 947 716 ut
973 697 1068 717 servus
1089 696 1167 717 meus
1192 689 1287 723 David,
1306 690 1352 725 qui
1368 689 1513 717 custodivit
1527 689 1653 716 maudala

868 735 902 767 χ(
917 741 987 766 mea,
999 738 1025 760 et
1041 734 1088 768 qui
1097 734 1244 761 ambulavit
1257 739 1317 769 post
1328 742 1372 762 me
1385 735 1410 762 in
1428 739 1485 762 toto
1499 735 1579 762 corde
1592 743 1652 766 suo,

869 780 902 813 χε
919 779 1043 808 faciendo
1061 784 1167 808 rectum
1183 781 1209 807 in
1231 781 1318 808 oculis
1333 781 1411 808 meis.
1441 780 1517 815 Vulg.
1532 781 1565 808 Et
1586 782 1653 808 scidi

869 831 982 860 regnum
1001 825 1099 854 domus
1117 825 1200 853 David
1229 831 1256 853 et
1280 826 1340 853 dedi
1362 826 1425 853 illud
1453 826 1516 858 tibi.
1549 831 1576 853 et
1599 835 1652 853 unu

53 873 109 901 luisti
121 873 185 900 sicut
195 880 293 901 servus
311 881 390 901 meus
403 872 497 905 David,
509 872 556 908 qui
570 871 718 900 custodivit
744 871 870 900 mandata
895 880 965 907 mea,
985 878 1012 901 et
1022 878 1132 902 secutus
1144 878 1187 902 est
1205 881 1248 901 me
1261 874 1287 901 in
1303 878 1359 901 toto
1374 874 1456 902 corde
1473 881 1533 907 suo,
1551 873 1653 901 faciens

53 919 107 953 quod
117 919 237 954 placitum
253 923 327 947 esset
339 919 367 946 in
379 923 524 954 conspectu
540 926 610 946 meo.

54 997 79 1028 Β(
91 1004 126 1021 πυ
135 1004 141 1010 ·
154 996 198 1022 καὶ
208 995 374 1032 ὲπορεύθης,
396 995 443 1023 καὶ
453 995 583 1030 ἐποίησας
609 995 714 1031 σεαυτῷ
735 994 814 1026 θεοὺς

54 1042 79 1073 χ
89 1040 184 1076 ἑτέρους
195 1042 242 1068 καὶ
256 1041 381 1076 χωνευτὰ
396 1041 444 1068 τοῦ
459 1041 624 1077 παροργισαι
639 1049 684 1077 με,
702 1041 749 1068 καὶ
765 1040 815 1076 ἐμὲ

55 1086 79 1118 χ
90 1084 189 1120 ἔρριψας
204 1085 294 1113 ὀπίσω
310 1093 369 1114 σου.

56 1259 206 1294 κοὺροῦντα
220 1258 291 1294 πρὸς
307 1260 407 1294 τοῖχον,
440 1259 602 1295 ὲπεχόμενον
631 1259 677 1288 καὶ
699 1260 814 1287 καταλε-

56 1306 80 1338 X
90 1304 220 1339 λειμμένον
240 1305 270 1331 ὲν
288 1304 408 1340 Ἰσραὴλ,
423 1305 470 1331 καὶ
485 1305 600 1339 ὲπιλέξω
615 1305 661 1332 ἐπὶ
672 1306 746 1332 οῐκου
764 1306 813 1332 Ἰε-

55 1350 80 1382 ὶοζ
93 1349 183 1384 ροῦοὰμ
199 1349 294 1382 καθὼς
313 1349 469 1384 ὲπιλέγεται
482 1351 498 1385 ὴ
511 1349 623 1386 κόπρος,
640 1350 693 1383 ἕως
706 1351 816 1378 τελειω-

55 1395 79 1427 ὶι(
89 1393 155 1429 θῆναι
171 1395 263 1423 αὐτόν.

868 994 902 1028 χ
917 993 981 1021 dum
999 1000 1054 1026 me,
1069 997 1098 1020 et
1111 1000 1152 1020 me
1166 992 1302 1028 proiecisti
1314 997 1374 1028 post
1387 997 1421 1020 te.
1442 993 1518 1027 Vulg.
1532 993 1583 1020 Sed
1592 1001 1654 1028 ope-

868 1043 944 1065 ratus
957 1045 986 1065 es
1003 1037 1074 1065 mala
1093 1045 1174 1072 super
1195 1045 1289 1065 oumes
1305 1037 1350 1073 qui
1368 1037 1478 1065 fuerunt
1496 1043 1556 1065 ante
1573 1044 1609 1070 te,
1627 1043 1654 1065 ct

869 1082 956 1110 fecisti
975 1083 1023 1110 tibi
1035 1083 1100 1111 deos
1111 1083 1214 1111 alienos
1228 1087 1254 1110 et
1274 1084 1434 1116 conﬂatiles,
1450 1088 1479 1110 ut
1493 1091 1535 1110 me
1552 1085 1585 1111 ad
1600 1084 1654 1110 ira-

869 1129 995 1157 cundiam
1009 1137 1183 1164 provocares,
1201 1137 1244 1157 me
1255 1136 1346 1158 autem
1358 1130 1495 1165 projecisli
1513 1135 1574 1164 post
1588 1138 1652 1158 cor—

869 1183 920 1210 pus
931 1178 1021 1203 tuum.

868 1262 901 1300 )K
917 1270 999 1297 super
1014 1263 1122 1290 domum
1136 1261 1370 1295 Jerol:oam,sicut
1385 1263 1521 1298 colligitur
1537 1267 1651 1297 stercus,

868 1307 901 1340 >ς<
918 1307 1005 1335 donec
1017 1312 1196 1342 consumptus
1212 1307 1302 1335 fuerit.
1316 1307 1392 1343 Vulg.
1408 1308 1509 1336 Idcirco
1526 1316 1589 1336 ecee
1602 1317 1652 1344 ego

869 1352 995 1381 inducam
1009 1353 1083 1381 mala
1097 1360 1179 1388 super
1202 1353 1311 1381 domum
1336 1352 1491 1386 Jeroboam,
1513 1358 1541 1381 et
1558 1361 1654 1389 percu-

871 1396 935 1424 tiam
951 1397 984 1425 de
999 1398 1144 1426 Jernboam
1155 1399 1320 1434 mingentem
1336 1399 1370 1426 ad
1395 1399 1523 1434 parietem
1537 1404 1564 1426 et
1578 1399 1652 1427 clau-

871 1449 942 1473 sum.
952 1443 1166 1472 etuovissimum
1181 1444 1208 1471 in
1225 1443 1308 1472 Israel
1321 1454 1328 1472 :
1344 1447 1370 1472 et
1382 1445 1516 1472 mundabo
1526 1444 1652 1480 reliquias

54 1483 130 1513 domus
142 1486 287 1515 tet-obeam
303 1486 376 1515 sicut
388 1486 513 1515 mundari
529 1487 600 1515 solet
629 1487 711 1516 ﬁmus
727 1495 815 1523 usque
832 1489 864 1517 ad
879 1498 988 1525 purum.

56 1610 80 1642 Χ
90 1618 127 1636 ται
138 1610 160 1636 οῑ
176 1609 267 1643 κύνες,
282 1611 331 1637 καὶ
345 1610 391 1637 τὸν
400 1610 550 1646 τεθνηκότα
569 1611 599 1638 ἐν
614 1611 653 1645 τῷ
676 1612 754 1649 ἁγρῷ
768 1621 817 1640 κα-

57 1655 224 1690 )ιίταφάγεται
242 1655 280 1683 τὰ
299 1656 409 1684 πετεινᾶ
429 1656 476 1683 τοῦ
495 1657 610 1694 οὐρανοῦ
625 1666 631 1672 ·
652 1658 692 1685 ὃτι
717 1658 817 1694 Κύριος

57 1701 81 1734 Χ
92 1700 202 1736 ὲλάλησε.

56 1828 82 1860 X
94 1824 205 1860 εῑςοῐκόν
217 1839 278 1858 σου.
301 1831 347 1857 Ἐν
361 1828 401 1866 τῷ
416 1831 586 1867 εῑσέρχεσθαι
597 1833 660 1865 τοὺς
673 1833 756 1866 πόδας
770 1841 818 1860 σου

57 1873 82 1906 Χ
92 1873 132 1909 τὴν
145 1875 218 1902 πόλιν
232 1876 412 1903 ἀποθανεῖται
422 1876 452 1903 τὸ
467 1877 619 1913 παιδάριον.

58 1992 83 2024 Χ
95 1993 146 2020 Ὀτι
159 1991 232 2026 οὗτος
248 1994 332 2030 μόνος
344 1996 525 2023 εἰσελεύσεται
537 1997 575 2032 τῷ
593 1996 733 2032 Ἱεροὸοὰμ
750 1996 818 2032 πρὸς

59 2038 83 2070 Χ
94 2038 175 2072 τάφον,
189 2041 229 2067 ὅτι
245 2041 347 2077 εὑρέθη
371 2042 399 2067 ἐν
411 2042 484 2077 αὐτῷ
501 2042 577 2077 ῥῆμα
588 2042 669 2068 καλὸν
693 2043 757 2078 περὶ
768 2042 816 2069 τοῦ

58 2083 181 2121 Χκυρίου
196 2087 265 2114 Θεοῦ
290 2087 398 2124 Ἰσραὴλ
414 2088 443 2114 ὲν
458 2088 524 2123 οἴκῳ
545 2088 696 2123 Ίεροϐοάμ.

61 2302 118 2335 3K6;
132 2304 222 2340 πλήξει
240 2305 288 2332 τὸν
306 2303 382 2332 οἷκον
402 2305 542 2342 Ἰεροσοὰμ
560 2304 647 2342 ταύτῃ
661 2306 694 2341 τῇ
716 2305 817 2341 ἡμέρᾳ,

61 2346 85 2380 Χ
95 2347 134 2375 καὶ
146 2349 183 2376 ἐτι
197 2350 276 2385 καιγε
289 2350 348 2379 νῦν.

63 2518 120 2551 Χὲν
132 2519 212 2555 ὕδατι,
240 2522 288 2550 καὶ
305 2522 407 2549 ὲκτιλεῖ
421 2522 466 2549 τδν
485 2523 594 2559 Ἰσραὴλ
615 2523 669 2550 ἀπὸ
692 2523 749 2550 ἄνω
772 2522 822 2557 τῆς

63 2563 88 2597 ξε(
98 2564 178 2599 χθόνος
189 2566 238 2602 τῆς
248 2567 356 2602 ἀγαθῆς
372 2566 483 2602 ταύτης,
498 2565 532 2602 ἦς
544 2567 627 2594 ἔδωκε
645 2568 701 2598 τοῖς
716 2565 822 2601 πατρά-

63 2609 88 2642 X
99 2618 134 2637 σιν
147 2611 242 2646 αὐτῶν,
258 2613 306 2639 καὶ
323 2612 451 2648 λικμήσει
471 2613 568 2644 αὐτοὺς
592 2613 645 2639 ἀπὸ
667 2612 752 2647 πέραν
775 2611 822 2639 τοῦ

65 2655 207 2691 Χποταμοῦ
232 2657 292 2684 ἀνθ’
311 2653 343 2683 οὗ
361 2656 421 2683 ὅσον
444 2657 575 2693 ἐποίησαν
593 2657 628 2685 τὰ
649 2651 717 2692 ἀλα-η
734 2656 822 2684 αὐτῶν

66 2700 90 2732 ξε(
102 2703 303 2737 παροργισαντες
316 2703 364 2730 τὸν
381 2703 490 2738 Κύριον.

869 1616 904 1650 >κ
919 1623 982 1644 aves
994 1616 1067 1649 coeli,
1082 1617 1147 1653 quia
1164 1617 1294 1645 Dominus
1306 1618 1413 1645 locutus
1430 1621 1479 1644 est.
1509 1617 1584 1652 Vulg.
1600 1617 1652 1650 Qui

870 1665 971 1692 mortui
1000 1663 1101 1691 fuerint
1117 1663 1150 1692 de
1171 1663 1315 1691 Jeroboam
1333 1664 1359 1691 in
1375 1664 1492 1696 civitate,
1510 1664 1653 1691 comedent

870 1717 919 1737 eos
932 1717 1013 1737 canes
1027 1719 1034 1737 :
1054 1710 1101 1744 qui
1115 1713 1205 1736 autem
1225 1710 1324 1736 mortui
1340 1709 1440 1737 fuerint
1462 1710 1490 1736 iu
1512 1718 1588 1745 agro,
1602 1718 1650 1736 ro-

869 1755 968 1782 rabunt
981 1762 1029 1783 eos
1039 1762 1104 1782 aves
1126 1755 1187 1782 caeli
1201 1763 1207 1780 :
1221 1755 1283 1790 quia
1299 1755 1430 1783 Dominus
1445 1755 1552 1784 locutus
1566 1760 1616 1783 est.

870 1833 903 1868 ξε(
922 1832 1007 1860 rictur
1020 1831 1160 1868 puerulus.
1183 1831 1258 1867 Vulg.
1282 1832 1322 1860 Tu
1338 1832 1422 1867 igitur
1433 1841 1524 1868 surge,
1542 1839 1568 1861 et
1589 1835 1654 1861 vade

871 1878 898 1904 in
911 1877 1022 1904 domum
1039 1882 1112 1904 tuam
1131 1885 1138 1903 :
1152 1880 1178 1903 et
1194 1876 1220 1903 in
1237 1876 1296 1911 ipso
1311 1877 1421 1905 introitu
1434 1880 1531 1912 pedum
1544 1883 1652 1906 tuorum

873 1921 901 1948 in
915 1922 1018 1954 urbem,
1031 1922 1162 1950 morietur
1174 1928 1251 1956 puer.

873 1999 907 2033 >κ
919 1998 1004 2026 Deum
1019 2000 1102 2027 Israel
1119 2000 1147 2027 in
1158 2000 1239 2028 domo
1256 2000 1410 2028 Jeroboam.
1434 1999 1508 2035 Vulg.
1526 1999 1558 2026 Et
1574 2000 1652 2035 plan-

872 2048 917 2078 get
925 2051 987 2071 eum
1010 2044 1100 2072 omnis
1113 2045 1206 2079 Israel,
1227 2049 1255 2073 et
1269 2045 1380 2079 sepeliet
1396 2053 1402 2071 :
1419 2045 1469 2072 iste
1484 2045 1556 2072 enim
1579 2045 1653 2072 solus

872 2090 1005 2118 inferetur
1021 2091 1054 2118 de
1067 2089 1213 2118 Jeroboam
1233 2091 1258 2117 in
1279 2090 1450 2125 sepulcrum,
1471 2089 1534 2124 quia
1561 2089 1655 2116 inven-

873 2141 917 2164 tus
931 2141 972 2163 est
989 2144 1071 2171 super
1085 2144 1118 2164 eo
1132 2143 1222 2164 sermo
1236 2136 1324 2164 bonus
1336 2143 1351 2163 a
1364 2135 1479 2164 Domino
1495 2134 1549 2162 Deo
1561 2134 1653 2167 Israel,

872 2184 900 2210 in
913 2183 994 2210 domo
1013 2182 1168 2210 Ieroboam.

877 2305 955 2339 Vulg.
974 2304 1121 2332 Constituit
1133 2308 1223 2332 autem
1239 2303 1289 2332 sibi
1318 2303 1448 2332 Dominus
1462 2312 1552 2340 regem
1572 2312 1654 2340 super

873 2350 967 2384 Israel,
985 2351 1031 2386 qui
1045 2351 1177 2385 percutiet
1188 2350 1298 2378 domum
1314 2349 1456 2378 Jeroboam
1469 2351 1495 2377 iu
1507 2351 1558 2378 hac
1568 2350 1653 2383 die,ct

873 2397 899 2425 lu
914 2399 965 2425 hoc
979 2403 1109 2433 tempore.

872 2515 1258 2556 Xdeditpatribuseorum,et
1267 2518 1461 2546 ventilabiteos
1467 2518 1501 2546 de
1516 2524 1590 2547 trans
1601 2519 1652 2546 llu-

873 2569 906 2602 >κ
921 2574 994 2600 men,
1005 2570 1147 2601 propterea
1172 2564 1246 2600 quod
1261 2563 1384 2591 fecerunt
1401 2564 1478 2592 lucos
1500 2572 1574 2597 siros,
1590 2573 1653 2599 prc-

874 2614 907 2647 >κ
921 2616 1052 2640 vocantes
1065 2610 1222 2638 Dominum.
1239 2609 1316 2645 Vulg.
1331 2609 1365 2636 Et
1379 2610 1510 2644 percutiet
1522 2609 1654 2638 Dominus

872 2659 943 2686 Deus
964 2658 1058 2691 Israel,
1077 2658 1149 2685 sicut
1165 2656 1265 2684 moveri
1284 2656 1352 2683 solet
1376 2656 1481 2683 arundo
1507 2657 1538 2683 in,
1560 2664 1628 2691 aqua
1646 2677 1652 2684 .

871 2709 899 2733 et
909 2703 1006 2731 evellet
1023 2703 1106 2731 Israel
1121 2702 1154 2730 de
1174 2706 1245 2729 terra
1257 2702 1327 2729 bona
1343 2702 1404 2733 hac,
1419 2709 1500 2735 quam
1516 2701 1588 2729 dedit
1605 2710 1653 2736 pa-

67 2746 134 2775 uibus
145 2757 246 2785 eorum,
257 2754 284 2778 et
299 2749 440 2778 ventilabit
456 2758 503 2778 eos
519 2754 593 2780 trans
617 2751 715 2779 [lumen
732 2761 738 2779 :
757 2751 820 2786 quia
839 2750 963 2778 fecerunt
973 2749 1024 2778 sibi
1041 2749 1128 2781 lucos,
1148 2752 1178 2775 ut
1189 2747 1326 2775 irrilarcut
1338 2747 1492 2774 Dominum.
