1838 3049
167 107 216 136 879
672 103 907 133 HEXAPLORUM
926 104 1007 138 QUAE.
1029 102 1226 132 SUPERSUN'I
1239 125 1245 134 .
1745 103 1788 132 833

829 161 1012 192 PSAI.MUS
1030 161 1139 192 LVIII.

301 225 345 252 T0
360 224 544 252 EBPAIKON.
867 222 911 249 ΤΟ
928 223 1027 250 EBI‘AI

890 223 911 249 0
928 222 1113 250 EBI‘AIKON.
1459 219 1614 247 ΙΔΚΥΛΔΣ.

819 258 983 294 Ἑλληνικοῖς
1003 257 1158 293 γράμμασι.

309 311 397 338 πλυτ-ι
413 310 485 338 τις-ι’
502 298 619 351 put-v5:
640 305 656 332 5
765 306 791 334 5.

640 305 656 332 5
765 306 791 334 5.
1321 302 1346 329 5.

546 375 655 428 νηκψὸ

169 437 271 465 mw
288 424 355 464 :53:
370 436 435 463 mm
452 423 525 464 21:75
542 423 626 462 iam
638 431 661 496 71
662 469 692 498 ’ν
761 432 788 460 7.

1311 428 1345 472 '7.
1367 449 1374 457 .
1390 448 1398 456 .
1415 449 1423 456 .
1440 448 1447 455 .
1469 429 1516 456 καὶ
1546 428 1738 464 ὁχλασάτωϐιν
1763 429 1795 462 ὥς

1284 472 1367 491 κυων.
1382 484 1388 492 .
1405 484 1412 492 .

170 588 277 614 mann
311 587 414 613 nam:
441 587 523 626 mum
541 586 549 608 I
568 587 620 612 run
639 582 657 609 8
764 583 790 610 8.
1322 579 1349 606 8.

323 633 394 660 πται
409 632 503 657 ID":
521 631 692 657 cmi-mam

171 738 239 765 mn
263 737 435 775 17:13-an
462 736 521 762 mm
550 731 690 798 $31,235
761 735 789 763 9.
1321 730 1337 757 9

336 817 432 846 vnn-mi
452 817 519 843 non
537 804 603 841 ’ὡκ
623 812 653 838 M
691 802 696 810 ”
766 818 810 845 ιι.

641 812 653 838 1
691 802 696 810 ”
766 818 810 845 ιι.
1321 812 1363 839 ιι.

455 932 562 957 rrum
581 930 656 957 νικῆν

386 1012 442 1040 ’νῦν
459 1011 605 1053 ἚὈΨἽἿΞ)
624 1007 659 1034 12
763 1004 808 1031 12.

1321 999 1365 1026 12.
1397 999 1510 1036 Μήποτε
1547 998 1729 1027 ἐπιλάθωνται
1758 999 1799 1027 τοῦ

1285 1033 1351 1061 λαοῦ
1364 1042 1421 1061 σου.

172 1096 250 1123 una:
279 1094 404 1121 imum
437 1081 523 1130 15in:
559 1093 691 1153 παντξιέτλ

206 1210 319 1237 137m
326 1211 344 1219 '
351 1210 406 1236 'll'l’
423 1209 489 1235 ῚὩἽΞ
495 1210 513 1218 “
520 1209 607 1234 nam
626 1203 660 1231 I5

221 1355 345 1386 VERSIO
362 1354 525 1383 HEBRAICI
551 1351 655 1381 TEXT.

209 1437 236 1464 5.
254 1437 364 1472 Absque
379 1435 526 1472 iniquitate
537 1438 650 1472 current
668 1435 696 1472 et

173 1468 362 1507 parabunt-se.
376 1468 497 1503 Hierom,
513 1476 567 1497 non
582 1469 623 1504 egi
640 1468 694 1494 ini-

173 1506 237 1570 :lue,
254 1510 282 1535 et
305 1506 344 1533 illi
359 1510 473 1534 currunt.
499 1509 526 1532 et
545 1510 696 1539 praeparan-

186 1550 228 1570 ur.

211 1588 241 1616 In
254 1593 399 1616 occursum
413 1593 515 1613 meum.
532 1584 651 1616 Hierou.,
662 1590 696 1610 ex

173 1623 289 1652 adverso
301 1629 350 1658 pro
365 1629 418 1649 me.

211 1670 236 1696 7.
257 1669 458 1696 Convertentur
483 1667 516 1694 ad
542 1673 697 1701 vesperam,

175 1704 414 1732 tumultuabuntur
422 1702 493 1730 sicut
506 1702 593 1733 canis,
605 1706 631 1729 et
646 1701 696 1729 cir-

175 1740 290 1768 cuibunt
302 1739 449 1766 civitatem.
467 1737 587 1768 Hieran,
608 1743 697 1763 rever-

175 1779 270 1802 tantur
282 1774 315 1801 ad
337 1780 491 1808 vesperam,
508 1776 535 1808 et
548 1771 649 1808 latrent
668 1774 698 1797 ut

175 1817 268 1841 canes,
281 1814 308 1837 ct
322 1807 489 1836 circumeant
502 1807 649 1834 civitatem.

212 1858 240 1886 8.
261 1858 331 1885 Ecce
347 1856 498 1884 scaturient
517 1855 544 1882 in
564 1861 612 1882 ore
637 1861 698 1885 suo,

177 1893 259 1929 gladii
278 1892 407 1929 in__labii_s
427 1897 549 1929 eorum:
568 1889 698 1929 quoniam

177 1924 239 1963 quis
259 1927 395 1954 audiens?
424 1924 543 1963 Hieron._.
563 1931 630 1963 ecce
658 1924 700 1963 io-

177 1959 301 1997 quuntur
323 1963 350 1989 in
367 1969 415 1989 ore
433 1968 495 1997 suo,
511 1959 592 1995 gladii
608 1959 642 1997 in
658 1959 699 1986 la-

177 1994 230 2026 biis
245 2003 351 2029 eorum,
369 1996 448 2031 quasi
463 1994 543 2023 nenio
562 1994 665 2022 audiat.

213 2045 240 2072 9.
257 2043 290 2071 Et
303 2049 343 2076 tu,
359 2043 482 2075 Domine.
493 2041 629 2070 deridebis
640 2048 698 2074 eos,

179 2080 360 2109 subsannabis
385 2085 481 2106 omnes
510 2081 614 2112 gentes.
640 2076 701 2103 Hie-

179 2122 250 2147 ron.,
270 2120 298 2142 tu
321 2119 423 2146 autem,
447 2111 571 2144 Domine,
593 2111 700 2139 deride-

179 2151 223 2179 bis
237 2156 294 2184 eos,
311 2148 493 2178 subsannabis
520 2154 615 2175 omnes
634 2153 701 2182 gen-

179 2190 230 2214 ιεε.

217 2231 259 2258 ll.
273 2230 345 2258 Deus
360 2228 547 2257 misericordia
562 2227 622 2262 ejus
636 2234 702 2262 prae-

180 2266 270 2294 veniet
283 2273 335 2293 me.
354 2265 475 2297 Ilieron.,
500 2263 547 2291 Dei
570 2263 623 2290 mei
648 2263 700 2290 mi-

181 2300 327 2329 sericordia
344 2299 489 2335 preveniel
504 2306 558 2326 me.

218 2345 316 2373 Videre
342 2345 423 2372 faciet
450 2351 494 2371 me
522 2344 549 2370 in
583 2342 701 2370 inimicis

180 2381 260 2408 meis.
277 2380 398 2413 Πίθωνι,
413 2379 485 2407 Deus
498 2378 622 2406 ostendet
633 2378 700 2404 mihi

181 2415 355 2444 insidiatores
375 2422 461 2442 meus.

217 2461 262 2490 12.
275 2460 315 2488 Ne
327 2461 396 2488 forte
404 2460 600 2487 obliviscantur
610 2458 700 2494 populi

181 2497 245 2526 mei.
260 2496 381 2530 Πίσωνι,
398 2495 436 2522 id.

217 2542 366 2570 Commove
377 2548 424 2569 eos
436 2541 462 2568 in
473 2539 629 2568 fortitudine
642 2545 698 2573 tua,

182 2582 209 2606 et
223 2578 344 2612 deprime
362 2584 421 2608 eos,
444 2575 571 2612 defensor
596 2581 699 2608 noster,

183 2610 306 2640 Domi-ne.
327 2611 446 2642 Hierom,
465 2610 588 2645 disperge
602 2618 649 2638 eos
673 2611 700 2638 in

182 2648 341 2675 fortitudine
368 2651 433 2679 tua;
456 2650 482 2672 et
507 2647 617 2673 destrue
640 2653 698 2680 eos,

181 2687 320 2719 protector
334 2685 436 2714 noster,
451 2680 575 2708 Domine.

219 2728 263 2756 l3.
280 2727 425 2755 Peccatum
440 2726 496 2754 oris
514 2732 619 2759 eorum,
643 2733 703 2753 ver-

182 2763 247 2791 bum
265 2763 398 2792 labiorum
411 2769 516 2790 eorum.
534 2761 654 2794 Hierom,
675 2761 702 2788 in

219 2803 296 2826 ccato
322 2798 379 2826 oris
405 2798 459 2831 sui,
481 2797 507 2832 in
525 2803 650 2825 sermone
665 2795 702 2823 la-

204 2834 290 2861 iorum
305 2833 436 2869 ipsorum.

765 1200 810 1228 13.
1323 1193 1367 1220 15.

826 1350 990 1381 VULGATA
1012 1350 1150 1379 LATINA.
1472 1351 1618 1386 AQUILA.

766 1431 794 1459 5.
829 1431 894 1460 Sine
921 1431 1065 1466 iniquitate
1095 1430 1204 1460 cucurri
1227 1435 1255 1459 et
1325 1430 1351 1458 5.

731 1466 829 1494 direxi.

768 1582 797 1610 In
814 1590 959 1610 occursum
976 1590 1077 1610 meum.

771 1663 796 1700 7.
826 1663 1026 1692 Convertentur
1048 1665 1081 1692 ad
1099 1672 1251 1700 vesperam,

733 1703 760 1727 et
781 1699 879 1726 famem
898 1700 1035 1734 patientur
1064 1705 1095 1727 ut
1119 1699 1214 1733 canes.
1226 1705 1253 1728 et

732 1734 886 1762 circuibunt
900 1735 1046 1763 civitatem.

1325 1665 1351 1692 7.
1417 1668 1445 1692 et
1461 1663 1665 1692 tumultuentur
1675 1668 1704 1691 ut
1712 1664 1807 1693 canis"

771 1853 797 1880 8.
823 1852 892 1880 Ecce
915 1852 1062 1887 loqurntur
1075 1853 1101 1880 in
1119 1860 1166 1879 ore
1193 1860 1255 1885 suo.
1323 1848 1356 1879 ’8.

735 1893 762 1915 et
774 1888 880 1922 gladius
901 1888 927 1914 in
944 1888 1023 1915 labiis
1047 1895 1162 1915 eorum:
1186 1895 1255 1922 quo-

735 1924 808 1950 niam
823 1923 885 1958 quis
899 1922 1023 1950 audivit?

770 2038 796 2066 9.
813 2038 844 2065 Et
857 2043 897 2071 tu,
914 2038 1037 2070 Domine,
1049 2037 1183 2065 deridebis
1198 2045 1255 2070 eos,
1327 2037 1353 2065 9.

735 2073 770 2101 ad
787 2074 901 2101 nihilum
915 2073 1032 2101 dedoces
1043 2080 1138 2100 omnes
1152 2077 1255 2108 gentes.

772 2227 816 2254 Η.
843 2225 915 2254 Deus
949 2233 1028 2254 meus
1070 2225 1257 2254 misericordia
1331 2223 1374 2250 ll.

737 2261 798 2297 ejus
813 2261 959 2296 praeveniet
975 2269 1029 2289 me.

771 2345 902 2374 Ostendet
925 2345 992 2373 mihi
1021 2353 1104 2380 super
1131 2345 1257 2372 inimicos

736 2388 823 2408 meos.

1327 2451 1372 2479 η.
1381 2450 1420 2480 Ne
1433 2451 1504 2480 forte
1515 2451 1716 2481 obliviscantur
1727 2449 1810 2488 populi

770 2456 976 2515 1:2.mliequando
997 2457 1194 2487 obliviscantur
1209 2466 1256 2493 ρο·
1293 2462 1330 2515 mi‘

735 2492 791 2527 puli
810 2492 873 2520 mei.

772 2537 902 2572 Disperge
921 2537 981 2565 illos
993 2538 1019 2565 in
1035 2538 1133 2566 virtute
1151 2543 1215 2566 tua:
1229 2543 1258 2566 et

736 2573 840 2614 depone
855 2580 914 2605 eos,
940 2577 1074 2607 protector
1088 2582 1178 2607 meus,
1203 2573 1257 2601 Do-

735 2616 817 2636 nune.

775 2724 818 2752 15.
836 2724 966 2752 Delicium
989 2724 1045 2753 oris
1069 2732 1176 2760 eorum,
1199 2733 1259 2754 ser-
1333 2727 1378 2756 15.

741 2767 847 2788 moncm
869 2760 1002 2789 labiorum
1019 2761 1149 2796 ipsorum.
