1842 3046
60 131 114 162 I057

201 239 405 266 ΣΥΜΜΛΧΟΣ.

86 322 109 348 1.
121 321 169 348 Διὰ
185 322 277 357 χοροῦ.

84 367 108 394 4.
124 368 177 395 Καὶ
193 369 209 403 ἡ
225 368 281 404 ζωή
298 377 348 403 μου
365 368 416 405 ᾄδῃ
428 367 524 404 ἥψατο.

86 449 109 476 5.
132 449 289 484 Ἐλογίσθη-ι
301 450 369 485 μετὰ
384 449 437 476 τῶν
452 458 568 484 καταγο-

59 485 135 519 μένων
147 485 187 516 εἰς
201 485 313 512 λάκκον.

86 529 109 556 6.
131 529 220 561 Ἐντὸς
235 529 340 565 νεκρῶν
366 530 445 564 ἀφεὶς
462 529 568 557 ἐλεύθε-

59 573 336 647 ρ(ἦῖίὶσεὶέιτεοιτρωμένοι
361 612 391 647 oi
402 611 523 647 κείμενοι
541 612 569 638 ὲν

59 646 138 680 τάφῳ,
158 642 196 672 ὧν
209 642 240 672 όὺ
257 642 436 681 μνημονεύεις
448 642 496 673 ’ἔτι
509 666 516 677 ,
531 646 571 673 οἴ-

60 689 119 712 me;
130 681 181 707 ὑπὸ
195 681 245 716 τῆς
261 681 352 717 χειρός
367 690 413 708 σου
437 681 570 717 ἐξεκόπη-

59 724 109 742 σιν.

89 761 111 788 7.
127 762 244 794 Ἐταξάς
260 771 305 797 με.

93 806 133 833 Ἐν
148 809 296 839 σκοτεινοῖς
320 808 534 843 ὲσκεπασμένον.

90 923 114 959 8.
133 923 210 958 Ἐμοὶ
225 923 369 959 ὲπέῦριαεν
379 924 393 949 ὁ
406 924 491 958 θυμός
515 933 574 955 σου,

59 958 100 986 καὶ
120 960 181 990 ταῖς
197 959 354 993 καταιγίσιν
371 967 418 985 σου
432 959 576 991 ὲκάκωσάς

89 1039 113 1066 9.
126 1038 245 1074 Μακρὰν
273 1038 404 1074 ἐποίησας
425 1040 489 1071 τοὺς
503 1048 576 1074 γνωη

61 1074 132 1105 στοὺς
146 1073 199 1110 μού
209 1075 255 1100 ἀπ’
268 1073 334 1110 ὲμοῦ
346 1073 352 1090 ἕ
365 1074 463 1110 ἔταξάς
478 1083 510 1109 με
523 1075 578 1109 βδε-

60 1109 148 1135 λυκτὸν
177 1109 289 1145 αὐτοῖς
300 1118 318 1144 φ
322 1118 368 1145 pou
374 1109 418 1144 ρού
424 1118 504 1144 μενον
529 1110 578 1137 καὶ

62 1144 94 1179 μὴ
109 1144 322 1180 προερχόμενον.

91 1190 133 1216 10.
158 1190 188 1216 '0
204 1190 343 1226 ὀφθαλμός
356 1198 405 1225 μου
419 1190 578 1225 ὲξέῤῥευσεν

61 1225 109 1251 ἀπὺ
126 1226 177 1260 τῆς
190 1226 337 1257 κακώσεως
347 1233 353 1240 ·
369 1226 578 1260 ὲπεκαλεσάμην

62 1268 87 1285 σε
102 1261 221 1296 ἑκάστην
231 1261 284 1296 ἡμέ
289 1268 347 1296 ραν,
357 1260 503 1288 διεπέτασα
512 1261 579 1296 πρὸς

62 1295 88 1321 σὲ
103 1295 149 1327 τὰς
163 1295 261 1331 χεῖράς
273 1295 334 1330 μου.

210 1353 431 1382 SYMMACHUS.

94 1411 118 1437 1.
134 1410 188 1438 Per
202 1410 328 1438 chorum.

63 1492 120 1554 ι,
147 1492 182 1520 Et
207 1492 262 1520 vita
292 1500 352 1521 mea
373 1492 510 1521 infernum
539 1498 580 1520 at—

74 1535 127 1554 un.

74 1535 127 1562 ign.

97 1608 122 1635 5.
140 1607 293 1643 chutatus
308 1616 369 1636 sum
392 1616 454 1636 cum
469 1609 583 1637 descen-

64 1642 189 1671 dentibus
203 1644 230 1670 in
245 1643 344 1671 lacum.

97 1759 122 1787 6.
138 1759 215 1787 Inter
225 1764 349 1788 mortuos
362 1760 494 1790 dimissus
504 1761 584 1789 libcr.

100 1839 177 1867 Sicut
203 1839 336 1866 vulnerati
353 1840 475 1874 jacentes
497 1841 523 1867 in
542 1849 585 1868 se-

66 1873 158 1907 pulcro
177 1893 186 1906 ,
207 1882 324 1908 quorum
351 1873 405 1902 non
434 1876 586 1903 recordaris

66 1909 195 1972 ampllius,
223 1910 304 1944 quia
327 1918 408 1938 manu
433 1915 480 1938 tua
503 1911 588 1939 excisi

67 1951 114 1971 sun
130 1964 138 1971 .

100 2095 128 2125 7.
151 2095 279 2123 Statuisti
298 2103 352 2123 me.

101 2140 130 2168 In
144 2141 300 2169 tenebrosis
315 2141 461 2169 obtectum.

102 2222 129 2249 8.
153 2222 245 2256 Super
259 2230 303 2250 me
318 2227 479 2257 aggravatus
492 2228 533 2250 est
546 2223 591 2250 fu-

67 2264 113 2318 rior
128 2262 206 2290 tuus,
222 2261 248 2284 et
266 2257 391 2292 procellis
406 2258 459 2286 tuis
474 2257 592 2286 alllixisti

68 2299 76 2318 ι
96 2299 119 2319 e.

101 2407 131 2435 9.
156 2407 252 2442 Longe
278 2406 366 2434 fecisti
389 2411 467 2434 notos
484 2415 559 2435 meos
577 2415 593 2434 a

69 2450 131 2469 me:
163 2442 282 2477 posuisti
306 2449 350 2469 me
383 2443 593 2470 abominabilem

70 2477 155 2512 ipsis:
178 2477 310 2505 custodiae
336 2477 462 2505 traditum
476 2497 483 2509 ,
498 2483 526 2505 et
541 2486 594 2505 non

69 2512 299 2547 progredientem.

105 2628 152 2655 10.
169 2626 273 2654 Oculus
288 2634 365 2655 meus
376 2626 476 2655 eiliuxit
489 2631 593 2662 propter

72 2663 267 2691 vexationem:
286 2663 408 2690 invocavi
423 2667 448 2689 te
466 2670 514 2697 per
537 2663 595 2690 sin-

71 2699 151 2732 gulos
165 2698 237 2730 dies,
257 2697 373 2732 cxpaudi
387 2697 420 2725 ad
445 2702 469 2724 tc
499 2705 596 2725 manus

72 2740 160 2762 111835·

707 130 868 158 PSALMUS
886 130 1040 158 LXXXVII.

667 190 848 222 PSALMUS
873 191 1060 222 LXXXVII.

845 241 882 267 0'.

639 323 664 349 1.
690 323 777 358 ’Υπὲρ
791 322 908 350 Μαελέθ.

638 368 665 395 4.
678 368 733 395 Καὶ
757 369 774 403 ἡ
803 368 860 402 ζωή
891 376 941 402 μου
956 366 994 402 τῷ
1011 366 1060 402 ᾄδῃ
1077 367 1125 402 ἦγ-

623 412 673 430 ισε.

603 411 620 437 γ
639 450 665 477 5.
683 449 900 484 Προσελογίσθην
925 448 993 484 μετὰ
1007 448 1059 475 τῶν
1079 456 1127 474 κα-

603 485 784 512 ταϐαινόντων
793 486 833 516 εὶς
849 485 959 510 λάκκον.

641 531 667 558 6.
688 531 731 557 Ἐν
743 532 851 566 νεκροῖς
864 529 1013 565 ἐλεύθερος.

647 611 718 638 Ὠσεὶ
758 611 950 647 τραυματίαι-
968 610 1128 647 ἐρῥιμμένρι

606 642 782 677 καθεύδοντες
796 642 922 681 ἐν’τάφῳ,
932 642 969 672 ὧν
981 642 1037 672 ὸῦιί
1046 642 1129 706 ἔμνὲ-

608 683 673 706 σθτιε
690 682 739 706 ἔτι.
758 681 803 706 καὶ
826 682 903 706 αὐτοὶ
919 682 951 706 ὲκ
966 681 1016 706 τῆς
1041 689 1098 706 γειο
1115 689 1129 706 c

608 683 673 718 σθης
690 682 739 718 ἔτι.
753 681 803 718 λκαὶ
826 682 903 708 αὐτοὶ
919 682 951 708 ὲκ
966 681 1016 716 τῆς
1041 681 1129 716 χειρός

608 715 657 744 σού
670 715 846 750 ἁπώσθησαν.

642 764 669 790 7.
684 762 795 789 Ἕθεντό
809 771 853 797 με.

649 810 692 835 Ἐν
708 809 856 839 σκοτεινοῖς
875 808 922 834 καὶ
950 808 979 834 ἐν
1003 809 1067 843 σκιᾷ
1084 808 1132 834 Θα-

609 844 699 871 νάτου.
716 844 755 876 Ε¹,
770 844 798 870 ὲν
811 844 955 874 σκοτεινοῖς
968 844 996 869 ὲν
1012 843 1130 870 καταδύ-

610 888 675 906 τοις.

646 906 672 951 έ.
697 923 754 950 Ἐπ’
771 923 819 958 ἐμὲ
844 923 991 958 ὲστηρέχθη
1016 925 1030 950 ὁ
1047 923 1133 958 Ουμός

612 967 670 990 σου,
686 959 732 985 καὶ
743 959 845 989 πάντας
856 959 916 989 τοὺς
932 958 1134 994 μετεωρισμούς

613 1003 659 1022 σου
680 995 818 1029 ἐπήγαγες
836 994 878 1018 ἐπ’
896 993 955 1028 ἐμέ.

647 1040 674 1068 9.
705 1038 877 1074 ‘Epa’txpuvag
906 1039 969 1070 τοὺς
996 1037 1134 1074 γνωστούς

635 1084 665 1101 ου
683 1075 728 1101 ἀπ’
739 1073 826 1108 ἐμοῦ.
841 1073 932 1100 ἕθεντό
947 1082 980 1108 με
997 1073 1135 1108 βδέλυγμα

628 1111 728 1141 αυτοῖς.
755 1108 910 1145 Παρεδόθην
921 1109 969 1135 καὶ
983 1108 1031 1135 οὐκ
1046 1108 1136 1140 ἐξεπα-

616 1145 744 1181 ρευόμην.

651 1192 694 1219 10.
710 1191 742 1217 υἱ
756 1189 890 1225 ὀφθαλμοί
918 1198 969 1225 μου
983 1189 1136 1225 ἠσθένησαν

615 1226 669 1253 ἀπὸ
686 1226 736 1260 τῆς
754 1224 900 1260 πτωχείας.
919 1224 973 1251 Καὶ
1002 1224 1136 1259 ἐκέκραξα

616 1261 683 1296 πρὸς
699 1259 738 1292 σὲ,
757 1259 853 1295 Κύριε,
876 1260 939 1296 ὃλην
955 1260 1002 1295 τὴν
1019 1259 1136 1294 ἡμέραν,

619 1281 682 1296 ..γη
699 1281 738 1292 ην,
758 1281 853 1295 ..-πηη
877 1281 914 1286 -...
931 1281 937 1286 .
960 1281 1008 1303 ..μ’
1022 1281 1136 1302 ηιμ-,ηπ

616 1296 762 1322 διεπέτασεν.
777 1295 845 1330 πρὸς
857 1295 886 1322 σὲ
898 1281 948 1326 τδις
967 1303 1060 1330 χειρας
1075 1303 1136 1329 μου.

701 1353 772 1380 LXX
788 1352 1039 1380 INTERPRETES.

653 1412 678 1438 I.
692 1411 744 1438 Pro
759 1410 882 1438 Maclctll.

654 1493 680 1519 -l.
706 1492 735 1527 EI
761 1492 815 1519 vita
833 1499 893 1519 mea
915 1491 1021 1518 inferno
1043 1499 1140 1526 appro-

619 1528 767 1562 piuquavit.

654 1609 680 1635 5.
698 1607 862 1635 AEstimatus
875 1614 935 1635 sum
951 1614 1013 1635 cum
1029 1606 1142 1634 descen-

619 1644 747 1671 dcntibus
767 1643 796 1670 in
809 1643 911 1670 lacum.

656 1758 682 1785 6.
700 1758 772 1785 Inter
784 1762 908 1785 mortuos
918 1756 997 1784 liber.

658 1840 736 1867 Sicut
746 1840 879 1866 vulnerati
887 1839 999 1875 prnjecti
1010 1838 1144 1866 dormien-

625 1881 665 1903 lcs
691 1875 718 1902 in
745 1875 887 1910 sepulcro,
905 1882 1031 1910 quorum
1046 1881 1100 1900 non
1117 1881 1147 1901 es

626 1918 729 1938 memor
752 1909 886 1945 amplius:
906 1914 933 1937 et
953 1909 1005 1944 ipsi
1018 1909 1051 1936 de
1063 1916 1147 1936 manu

627 1951 671 1973 tua
691 1945 796 1980 expulsi
812 1949 886 1972 sunt.

662 2095 689 2122 7.
708 2094 863 2123 Posuerunt
876 2102 930 2122 me.

663 2141 692 2168 In
707 2141 859 2169 tenebrosis
873 2145 901 2168 et
913 2141 940 2168 in
957 2140 1052 2168 umbra
1075 2148 1149 2168 mor-

628 2177 672 2204 tis.
691 2175 725 2209 V,
741 2177 769 2203 in
783 2176 934 2209 tenebrosis
950 2176 977 2203 in
995 2176 1125 2203 latibulis.

664 2222 690 2249 8.
709 2221 796 2257 Super
807 2230 851 2250 me
863 2223 1040 2249 confirmatus
1054 2225 1096 2249 est
1109 2221 1149 2248 I'u-

628 2265 675 2284 ror
698 2262 772 2290 luus,
800 2262 827 2285 et
852 2265 947 2285 omnes
965 2258 1062 2284 lluctus
1089 2261 1150 2284 tuos

629 2292 759 2320 induxisti
775 2300 857 2327 super
873 2300 925 2320 mc.

666 2408 692 2435 9.
706 2407 806 2443 Longe
830 2407 918 2435 fecisti
942 2411 1021 2435 notos
1035 2414 1111 2434 meos
1134 2414 1149 2434 a

631 2451 689 2470 me:
705 2448 854 2478 posuerunt
865 2451 909 2470 me
919 2443 1148 2470 abominationem

631 2479 693 2541 ἓψῇ
711 2478 837 2506 Traditus
853 2486 924 2510 sum,
951 2483 978 2505 ct
1003 2485 1057 2504 non
1078 2484 1151 2512 egre-

651 2521 674 2540 ie
694 2521 734 2541 ar.

669 2629 710 2656 I0.
734 2627 810 2656 Oculi
833 2627 884 2655 mei
911 2628 1073 2662 languerunt
1096 2635 1151 2662 prze

633 2665 735 2699 inopia.
750 2663 782 2690 Et
797 2663 957 2699 clamaviml
976 2668 1012 2694 te,
1026 2663 1149 2695 Domine,

633 2698 689 2728 toui
696 2699 750 2732 die,
763 2706 794 2726 cx
799 2699 878 2733 pandi
888 2698 919 2725 ad
930 2703 954 2724 lc
961 2705 1056 2726 manus
1064 2706 1149 2726 meas.

1211 1188 1252 1215 10.

1224 2628 1265 2656 10.

1317 233 1514 262 ΘΕΟΔΟΤΙΩΝ.

1323 1322 1529 1378 ΤΙΙΕόῡΟἸΊΟ.

1598 124 1668 152 1058
