3868 6214
201 332 275 388 £3

507 1068 911 1123 ΣΥΜΜΔΧΟΣ.

262 1234 317 1291 1.

260 1326 314 1382 2.
349 1326 812 1397 Κεκονιασμὲνος.

258 1414 315 1470 6.
357 1416 414 1471 '0
437 1416 740 1479 νεανίσκος.

262 1506 578 1562 Κατέλαϐον
602 1505 781 1561 αὐτόν.

268 1689 307 1722 ι.
344 1667 608 1738 Πάρειμι.

388 1842 669 1915 Διάδημα.

259 1934 608 2006 Βραχιάριον.

261 2025 349 2080 15.

258 2119 349 2176 15.
380 2118 615 2175 Ἔπελθε
636 2118 804 2191 αὐτῷ.

259 2496 347 2549 16.
374 2494 526 2550 Κατὰ
557 2492 658 2567 τῆς
689 2490 929 2564 κεφαλῆς
958 2506 1073 2546 σου.

264 2585 355 2642 18.

262 2820 351 2875 19.

273 3054 397 3108 Ἐπὶ
423 3054 490 3108 τὰ
522 3053 702 3126 ὑψηλά
721 3070 836 3108 σου.

257 3144 351 3200 20.
386 3146 690 3217 Ἀμφόδοις.

484 3461 861 3519 SYMMACHU
871 3460 928 3516 S.

270 3563 324 3616 1.

261 3655 318 3710 2.
353 3652 583 3709 Pulvere
606 3668 955 3724 conspersus.

260 3746 314 3803 6.
347 3747 696 3802 Adolescens.

261 3837 803 3911 Comprehenderunt
827 3852 972 3894 eum.

264 4003 313 4056 7.
357 4001 586 4057 Adsum.

396 4181 673 4237 Diadema.

261 4276 654 4333 Brachiarium.

273 4369 361 4422 15.

265 4458 355 4514 15..
386 4456 538 4512 lrrue
569 4458 626 4511 in
656 4470 804 4512 eum.

264 4826 351 4884 16.
376 4828 579 4884 Contra
604 4836 766 4896 caput
789 4832 963 4879 tuum.

261 4918 347 4973 18.

263 5216 351 5273 19.

261 5516 440 5589 Super
466 5517 679 5571 excelsa
710 5524 823 5573 tua.

259 5604 349 5661 20.
380 5603 441 5661 In
469 5604 651 5660 biviis.

1387 328 1518 383 LIB.
1559 329 1605 383 ll
1641 329 1887 387 REGUM
1943 331 2179 389 CAPUT
2218 333 2260 388 Ι.

1293 653 1662 744 LIBER
1736 655 1827 743 II
1910 654 2367 746 REGUM.

1382 959 1639 1019 CAPUT
1673 960 1702 1019 Ι
1732 960 1885 1022 LIB.
1920 959 1979 1020 Il
2011 959 2314 1022 REGUM.

1808 1066 1887 1122 θ’.

1384 1231 1436 1287 1.
1465 1229 1717 1285 Τύπτων.

1380 1321 1434 1376 2.
1452 1321 1563 1374 Καὶ
1583 1320 1652 1391 γῆ
1674 1320 1764 1373 ἐπὶ
1782 1317 1882 1391 τῆς
1901 1319 2143 1390 κεφαλῆς
2164 1319 2351 1374 αὐτοῦ.

1381 1416 1434 1472 6.
1469 1417 1543 1469 Τὸ
1574 1415 1876 1487 παιδάριον.

1377 1498 1645 1578 Σόνῆψανμ
1656 1505 1824 1577 αὐτῷ.
1861 1499 2100 1573 Ἄλλος,¹
2126 1505 2352 1577 ἐκολλή-

1305 1578 1482 1649 θησαν
1511 1575 1678 1646 αὐτῷ.

1377 1669 1432 1723 7.
1480 1668 1610 1722 Ἰδοὺ
1643 1666 1771 1736 ἐγώ.

1377 1760 1432 1816 9.
1462 1758 1663 1823 Σκότος
1684 1757 1875 1812 δεινόν.

1378 1853 1469 1928 10.
1502 1850 1803 1905 Βασίλειον.

1377 1943 1627 1998 Χλιδόνα.
1670 1943 1916 2006 Ἄλλος,
1949 1939 2286 2012 βραχιάλιον.

1379 2035 1467 2091 15.
1494 2032 1787 2105 Παροίκου.
2258 2052 2259 2055 ‘

1377 2128 1464 2199 15.
1497 2127 1817 2199 Προσελθὼν
1842 2127 2156 2199 ἁπάντησον
2179 2125 2350 2199 αὐτῷ,

1306 2198 1399 2253 καὶ
1431 2197 1700 2263 ὲπὰἐαξεν
1745 2198 1930 2263 αὐτὸν,
1964 2197 2058 2252 καὶ
2089 2197 2350 2251 ἀπέθανε.

1307 2270 1557 2341 ᾊλλος,
1587 2270 1903 2341 προσάγαγε
1935 2266 2082 2341 αὐτῷ
2108 2268 2356 2341 καὶᾷἆψα-

1307 2338 1401 2391 σθε
1455 2337 1657 2405 αὐτοῦ’,
1706 2341 1800 2392 καὶ
1853 2337 2129 2402 ἐπάταξαν
2168 2339 2351 2404 αὑτὸν,

1304 2409 1400 2465 καὶ
1429 2408 1620 2462 ἔὸαλον
1654 2408 1813 2462 αὑτὸν
1854 2410 1947 2461 ἐπὶ
1970 2408 2069 2479 τὴν
2100 2407 2230 2479 γῆν.

1378 2501 1466 2557 16.
1504 2502 1628 2554 Ἐπὶ
1654 2501 1752 2568 τὴν
1782 2500 2026 2572 κεφαλήν
2056 2518 2172 2554 σου.

1379 2593 1467 2647 18.
1506 2592 1613 2646 Τοῦ
1639 2592 1847 2658 διδάξαι
1877 2592 2006 2655 τοὺς
2036 2593 2189 2654 υἱοὺς
2229 2592 2358 2646 ’ἰού-

1303 2665 1395 2718 δα.
1441 2664 1571 2717 Ἰδοὺ
1628 2663 1943 2733 γέγραπται
2000 2663 2093 2714 ἐπὶ
2145 2662 2379 2732 βιϐλίου

1306 2734 1401 2787 τοῦ
1431 2733 1643 2797 εὖθοῦς.

1380 2818 1466 2872 19.
1492 2819 1792 2888 Στήλωσον,
1828 2815 2063 2888 Ἰσραὴλ,
2088 2816 2226 2888 ὑπὲρ
2247 2816 2357 2872 τῶν

1302 2887 1648 2959 τεθνηκότων
1683 2890 1775 2959 ἐπὶ
1806 2887 1874 2940 τὰ
1913 2887 2020 2959 ὕψη
2051 2905 2153 2959 croup
2193 2887 2359 2959 τραυ-

1307 2960 1541 3031 ματιῶν.
1566 2958 1689 3022 Πῶς
1715 2958 1907 3011 ἔπεσον
1942 2958 2155 3012 δυνατοί
2179 2974 2194 3022 ;

1392 3049 1514 3102 Ἐπὶ
1547 3048 1615 3101 τὰ
1645 3047 1751 3117 ὕψη
1794 3065 1906 3101 σου.

1378 3139 1469 3193 20.
1518 3141 1605 3192 Ἐν
1633 3142 1749 3202 ταῖς
1781 3138 1999 3204 ἐξόδοις.

1378 3232 1605 3303 Μήποτε
1626 3232 2080 3299 ἁγαλλιάσωνται.
2116 3235 2356 3299 Ἄλλος,

1316 3301 1467 3373 μηδὲ
1510 3303 1936 3372 γαυριάσωνται.
1996 3306 2060 3357 Οἱ
2120 3306 2354 3369 λοιποὶ,

1314 3373 1703 3441 γαυριάσωσιν.

1409 3464 1419 3505 ῐ
1472 3461 1613 3514 LXX
1652 3460 2153 3515 INTERPRETES.

1383 3558 1437 3611 1.
1470 3556 1715 3611 Candcns.

1381 3647 1536 3709 2.!Et
1558 3657 1701 3702 terra
1730 3663 1894 3718 super
1920 3657 2083 3719 caput
2114 3648 2277 3719 ejus.”

1376 3738 1434 3793 6.
1465 3738 1753 3794 Puerulus.

1381 3831 1731 3902 Atlingebant
1762 3846 1911 3888 eum.
1952 3832 2127 3897 Alius,
2183 3832 2352 3889 liere-

1306 3901 1442 3956 hant
1466 3902 1535 3957 ei.

1382 3992 1435 4048 7.
1470 3990 1610 4047 Ecce
1636 4005 1755 4062 ego.

1380 4086 1436 4140 9.
1475 4082 1737 4138 Tenebrae
1765 4098 1980 4155 graves.

1382 4176 1469 4231 10.
1502 4173 1721 4243 Regale.

1380 4265 1685 4320 Armillam.
1716 4263 1831 4329 AL,
1860 4265 2241 4323 orachialium.

1386 4359 1473 4413 15.
1507 4357 1721 4413 incolae.

1385 4449 1472 4502 15.
1532 4449 1809 4504 Accedens
1876 4465 2105 4505 occurre
2158 4450 2249 4505 ei:
2304 4458 2360 4505 et

1313 4519 1582 4587 percussit
1608 4534 1755 4581 eum,
1783 4528 1837 4573 et
1864 4530 2115 4575 mortuus
2151 4528 2253 4574 est.
2281 4520 2362 4573 Α-

1311 4589 1440 4651 lius,
1484 4588 1681 4644 accede
1722 4589 1795 4651 ei,
1827 4598 1881 4643 et
1909 4590 2154 4660 attingite
2181 4605 2305 4660 eum
2333 4606 2349 4643 :

1309 4666 1364 4710 et
1408 4669 1802 4739 percusserunt
1851 4675 2017 4726 cum,
2062 4659 2127 4713 ’ct
2172 4659 2355 4729 proje-

1308 4737 1504 4782 CCI’UDl
1532 4743 1658 4783 eum
1686 4737 1739 4781 ill
1769 4738 1995 4783 terram.
2102 4766 2105 4771 -

1380 4817 1466 4872 16.
1497 4817 1672 4888 Super
1701 4828 1867 4888 caput
1892 4827 2066 4874 tuum.

1380 4908 1467 4963 18.
1518 4909 1598 4962 Ad
1646 4910 1951 4965 docendum
2002 4910 2143 4967 ﬁlios
2189 4909 2350 4965 Juda.

1307 4976 1745 5049 Ecce-scriptum
1780 4990 1864 5034 est
1902 4982 1956 5033 in
1997 4980 2138 5036 libro
2190 4981 2350 5036 recti.
2446 4992 2450 4997 ‘

1379 5209 1468 5264 19.
1496 5208 1721 5281 Signum
1749 5210 1916 5281 erige,
1956 5207 2145 5281 Israel,
2186 5226 2352 5281 super

1308 5288 1552 5334 mortuos
1592 5280 1645 5332 in
1673 5280 1904 5334 excelsis
1956 5280 2066 5335 tuis
2091 5280 2349 5336 vulnera-

1306 5357 1430 5472 tos}
1471 5349 1755 5415 Quomodo
1801 5349 2113 5406 ceciderunt
2160 5360 2352 5420 poten-

1330 5433 1388 5474 es

1378 5508 1437 5563 ln
1475 5511 1705 5567 excelsis
1737 5512 1868 5567 tuis.

1377 5598 1470 5653 20.
1499 5599 1558 5653 1η
1586 5599 1843 5655 exitibus.

1381 5688 1678 5759 Nequando
1715 5692 2004 5747 exsultent.
2046 5692 2342 5757 Alius,’ne-

1310 5774 1417 5831 que
1440 5764 1643 5830 iactent
1674 5777 1750 5818 se.
1771 5762 2000 5833 Reliqui,
2027 5762 2235 5833 jacleut
2266 5779 2344 5819 se.

2741 1067 3146 1127 ΘΕΟΔΟΤΙΩΝ.

2495 1665 2550 1720 7.

2495 1755 2551 1811 9.

2497 1844 2584 1899 10.
2611 1845 2880 1919 Διάδημα.

2496 1936 2845 2009 Βραχιὰριον.

2501 2032 2587 2087 15.

2497 2123 2585 2178 15.
2619 2125 2787 2196 ’Δψαι
2809 2125 2979 2201 αὐτῷ.

2500 2498 2587 2552 16.

2504 2584 2593 2640 18.

2504 2818 2588 2874 19.

2508 3049 2633 3103 Ἐπὶ
2655 3049 2724 3105 τὰ
2742 3051 2921 3123 ὑψηλά
2943 3070 3057 3109 σου.

2500 3138 2591 3196 20.

2745 3462 3163 3528 ἹἮΕΟΒΟΤΙΟ.

2498 3653 2554 3711 2.

2499 3745 2552 3801 ϐ.

2501 3996 2559 4050 7.

2500 4090 2553 4144 9.

2500 4178 2588 4233 10.
2617 4177 2898 4237 Diadema.

2499 4269 2897 4329 Brachiarium.

2504 4361 2589 4419 15.

2500 4453 2587 4509 15.
2615 4452 2799 4526 Tange
2820 4468 2971 4510 eum.

2496 4822 2583 4878 16.

2497 4910 2581 4970 18.

2496 5209 2583 5270 19.

2494 5510 2671 5583 Super
2706 5514 2921 5571 excelsa
2960 5522 3077 5573 tua.

2496 5603 2586 5658 20.

3395 343 3467 397 14

204 489 3454 519 W
