  <div class='ocr_page' id='page_1' title='image "/cluster/home/n/w/nwhite01/storage/ocr_20150623/16 pt.1/nnc1.0046978798/032.png"; bbox 0 0 3868 6214; ppageno 0'>
   <div class='ocr_carea' id='block_1_1' title="bbox 197 347 265 407">
    <p class='ocr_par' dir='ltr' id='par_1_1' title="bbox 197 347 265 407">
     <span class='ocr_line' id='line_1_1' title="bbox 197 347 265 407; baseline 0.015 -1"><span class='ocrx_word' id='word_1_1' title='bbox 197 347 265 407; x_wconf 70' lang='grc'><strong>19</strong></span> 
     </span>
    </p>
   </div>
   <div class='ocr_carea' id='block_1_2' title="bbox 518 597 924 659">
    <p class='ocr_par' dir='ltr' id='par_1_2' title="bbox 518 597 924 659">
     <span class='ocr_line' id='line_1_2' title="bbox 518 597 924 659; baseline 0.012 -6"><span class='ocrx_word' id='word_1_2' title='bbox 518 597 924 659; x_wconf 75' lang='grc' dir='ltr'><strong>ΣΥΜΜΛΧΟΣ.</strong></span> 
     </span>
    </p>
   </div>
   <div class='ocr_carea' id='block_1_3' title="bbox 262 751 320 811">
    <p class='ocr_par' dir='ltr' id='par_1_3' title="bbox 262 751 320 811">
     <span class='ocr_line' id='line_1_3' title="bbox 262 751 320 811; baseline 0.034 -2"><span class='ocrx_word' id='word_1_3' title='bbox 262 751 320 811; x_wconf 82' lang='grc'><strong>1.</strong></span> 
     </span>
    </p>
   </div>
   <div class='ocr_carea' id='block_1_4' title="bbox 264 914 321 971">
    <p class='ocr_par' dir='ltr' id='par_1_4' title="bbox 264 914 321 971">
     <span class='ocr_line' id='line_1_4' title="bbox 264 914 321 971; baseline 0.07 -4"><span class='ocrx_word' id='word_1_4' title='bbox 264 914 321 971; x_wconf 88' lang='grc'><strong>2.</strong></span> 
     </span>
    </p>
   </div>
   <div class='ocr_carea' id='block_1_5' title="bbox 263 1078 707 1153">
    <p class='ocr_par' dir='ltr' id='par_1_5' title="bbox 263 1078 707 1153">
     <span class='ocr_line' id='line_1_5' title="bbox 263 1078 707 1153; baseline 0.009 -22"><span class='ocrx_word' id='word_1_5' title='bbox 263 1078 319 1133; x_wconf 83' lang='lat'><strong>6.</strong></span> <span class='ocrx_word' id='word_1_6' title='bbox 362 1078 502 1133; x_wconf 83' lang='grc' dir='ltr'>Ἀλλ’</span> <span class='ocrx_word' id='word_1_7' title='bbox 534 1080 707 1153; x_wconf 71' lang='grc' dir='ltr'>ἢμην.</span> 
     </span>
    </p>
   </div>
   <div class='ocr_carea' id='block_1_6' title="bbox 275 1171 588 1245">
    <p class='ocr_par' dir='ltr' id='par_1_6' title="bbox 275 1171 588 1245">
     <span class='ocr_line' id='line_1_6' title="bbox 275 1171 588 1245; baseline 0.016 -22"><span class='ocrx_word' id='word_1_8' title='bbox 275 1171 364 1224; x_wconf 81' lang='grc' dir='ltr'>Ἐν</span> <span class='ocrx_word' id='word_1_9' title='bbox 391 1173 588 1245; x_wconf 81' lang='grc' dir='ltr'><strong>σκέπῃ.</strong></span> 
     </span>
    </p>
   </div>
   <div class='ocr_carea' id='block_1_7' title="bbox 262 1260 801 1338">
    <p class='ocr_par' dir='ltr' id='par_1_7' title="bbox 262 1260 801 1338">
     <span class='ocr_line' id='line_1_7' title="bbox 262 1260 801 1338; baseline 0.019 -25"><span class='ocrx_word' id='word_1_10' title='bbox 262 1260 315 1314; x_wconf 88' lang='lat'><strong>8.</strong></span> <span class='ocrx_word' id='word_1_11' title='bbox 366 1263 462 1316; x_wconf 89' lang='grc' dir='ltr'>Ἐκ</span> <span class='ocrx_word' id='word_1_12' title='bbox 486 1265 584 1335; x_wconf 86' lang='grc' dir='ltr'><strong>τῆς</strong></span> <span class='ocrx_word' id='word_1_13' title='bbox 608 1266 801 1338; x_wconf 83' lang='grc' dir='ltr'><strong>νομῆς.</strong></span> 
     </span>
    </p>
   </div>
   <div class='ocr_carea' id='block_1_8' title="bbox 236 1440 1245 1525">
    <p class='ocr_par' dir='ltr' id='par_1_8' title="bbox 236 1440 1245 1525">
     <span class='ocr_line' id='line_1_8' title="bbox 236 1440 1245 1525; baseline 0.017 -33"><span class='ocrx_word' id='word_1_14' title='bbox 236 1440 356 1525; x_wconf 50' lang='lat'><strong>.10;</strong></span> <span class='ocrx_word' id='word_1_15' title='bbox 404 1443 804 1500; x_wconf 81' lang='grc' dir='ltr'>’Δναπαύσεται</span> <span class='ocrx_word' id='word_1_16' title='bbox 834 1448 927 1502; x_wconf 73' lang='grc' dir='ltr'><strong>ἐπὶ</strong></span> <span class='ocrx_word' id='word_1_17' title='bbox 951 1452 1046 1505; x_wconf 75' lang='grc' dir='ltr'>τοῦ</span> <span class='ocrx_word' id='word_1_18' title='bbox 1076 1452 1245 1509; x_wconf 82' lang='grc' dir='ltr'>τόπου</span> 
     </span>
    </p>
   </div>
   <div class='ocr_carea' id='block_1_9' title="bbox 186 1526 380 1565">
    <p class='ocr_par' dir='ltr' id='par_1_9' title="bbox 186 1526 380 1565">
     <span class='ocr_line' id='line_1_9' title="bbox 186 1526 380 1565; baseline 0.015 -3"><span class='ocrx_word' id='word_1_19' title='bbox 186 1526 380 1565; x_wconf 73' lang='grc' dir='ltr'><strong>ευτου.</strong></span> 
     </span>
    </p>
   </div>
   <div class='ocr_carea' id='block_1_10' title="bbox 262 1603 769 1680">
    <p class='ocr_par' dir='ltr' id='par_1_10' title="bbox 262 1603 769 1680">
     <span class='ocr_line' id='line_1_10' title="bbox 262 1603 769 1680; baseline 0.022 -27"><span class='ocrx_word' id='word_1_20' title='bbox 262 1603 769 1680; x_wconf 80' lang='grc' dir='ltr'>Μετασταθήσεται.</span> 
     </span>
    </p>
   </div>
   <div class='ocr_carea' id='block_1_11' title="bbox 262 1857 630 1931">
    <p class='ocr_par' dir='ltr' id='par_1_11' title="bbox 262 1857 630 1931">
     <span class='ocr_line' id='line_1_11' title="bbox 262 1857 630 1931; baseline 0.014 -22"><span class='ocrx_word' id='word_1_21' title='bbox 262 1857 352 1914; x_wconf 84' lang='grc'><strong>11.</strong></span> <span class='ocrx_word' id='word_1_22' title='bbox 384 1860 630 1931; x_wconf 83' lang='grc' dir='ltr'>Ποιήσει.</span> 
     </span>
    </p>
   </div>
   <div class='ocr_carea' id='block_1_12' title="bbox 264 1950 1064 2023">
    <p class='ocr_par' dir='ltr' id='par_1_12' title="bbox 264 1950 1064 2023">
     <span class='ocr_line' id='line_1_12' title="bbox 264 1950 1064 2023; baseline 0.014 -21"><span class='ocrx_word' id='word_1_23' title='bbox 264 1950 353 2004; x_wconf 84' lang='grc'><strong>12.</strong></span> <span class='ocrx_word' id='word_1_24' title='bbox 400 1952 496 2006; x_wconf 87' lang='grc' dir='ltr'>Ἐκ</span> <span class='ocrx_word' id='word_1_25' title='bbox 522 1952 633 2009; x_wconf 84' lang='grc' dir='ltr'>τῶν</span> <span class='ocrx_word' id='word_1_26' title='bbox 672 1955 919 2023; x_wconf 83' lang='grc' dir='ltr'><strong>ὲγκάτων</strong></span> <span class='ocrx_word' id='word_1_27' title='bbox 950 1975 1064 2015; x_wconf 82' lang='grc' dir='ltr'>σου.</span> 
     </span>
    </p>
   </div>
   <div class='ocr_carea' id='block_1_13' title="bbox 259 2044 634 2117">
    <p class='ocr_par' dir='ltr' id='par_1_13' title="bbox 259 2044 634 2117">
     <span class='ocr_line' id='line_1_13' title="bbox 259 2044 634 2117; baseline 0.019 -22"><span class='ocrx_word' id='word_1_28' title='bbox 259 2044 373 2097; x_wconf 76' lang='grc' dir='ltr'>Καὶ</span> <span class='ocrx_word' id='word_1_29' title='bbox 401 2045 634 2117; x_wconf 63' lang='lat' dir='ltr'><strong>cepam.</strong></span> 
     </span>
    </p>
   </div>
   <div class='ocr_carea' id='block_1_14' title="bbox 266 2136 770 2212">
    <p class='ocr_par' dir='ltr' id='par_1_14' title="bbox 266 2136 770 2212">
     <span class='ocr_line' id='line_1_14' title="bbox 266 2136 770 2212; baseline 0.016 -24"><span class='ocrx_word' id='word_1_30' title='bbox 266 2136 355 2190; x_wconf 82' lang='grc'><strong>15.</strong></span> <span class='ocrx_word' id='word_1_31' title='bbox 394 2138 507 2192; x_wconf 78' lang='grc' dir='ltr'>Καὶ</span> <span class='ocrx_word' id='word_1_32' title='bbox 539 2140 770 2212; x_wconf 82' lang='grc' dir='ltr'><strong>ὲδράσω.</strong></span> 
     </span>
    </p>
   </div>
   <div class='ocr_carea' id='block_1_15' title="bbox 262 2229 1240 2311">
    <p class='ocr_par' dir='ltr' id='par_1_15' title="bbox 262 2229 1240 2311">
     <span class='ocr_line' id='line_1_15' title="bbox 262 2229 1240 2311; baseline 0.014 -29"><span class='ocrx_word' id='word_1_33' title='bbox 262 2229 355 2283; x_wconf 87' lang='grc'><strong>15.</strong></span> <span class='ocrx_word' id='word_1_34' title='bbox 394 2230 595 2298; x_wconf 83' lang='grc' dir='ltr'>Καθὼς</span> <span class='ocrx_word' id='word_1_35' title='bbox 620 2234 843 2305; x_wconf 82' lang='grc' dir='ltr'><strong>ἀφεῖλον</strong></span> <span class='ocrx_word' id='word_1_36' title='bbox 867 2239 1022 2311; x_wconf 78' lang='grc' dir='ltr'><strong>παρὰ</strong></span> <span class='ocrx_word' id='word_1_37' title='bbox 1051 2240 1240 2295; x_wconf 81' lang='grc' dir='ltr'>Σαοὺλ.</span> 
     </span>
    </p>
   </div>
   <div class='ocr_carea' id='block_1_16' title="bbox 265 2390 1247 2474">
    <p class='ocr_par' dir='ltr' id='par_1_16' title="bbox 265 2390 1247 2474">
     <span class='ocr_line' id='line_1_16' title="bbox 265 2390 1247 2474; baseline 0.018 -32"><span class='ocrx_word' id='word_1_38' title='bbox 265 2390 354 2445; x_wconf 85' lang='grc'><strong>16.</strong></span> <span class='ocrx_word' id='word_1_39' title='bbox 401 2392 461 2445; x_wconf 86' lang='grc' dir='ltr'>Ὀ</span> <span class='ocrx_word' id='word_1_40' title='bbox 480 2390 627 2459; x_wconf 76' lang='grc' dir='ltr'>οἶκός</span> <span class='ocrx_word' id='word_1_41' title='bbox 656 2414 771 2465; x_wconf 84' lang='grc' dir='ltr'>σου,</span> <span class='ocrx_word' id='word_1_42' title='bbox 802 2401 894 2455; x_wconf 78' lang='grc' dir='ltr'><strong>καὶ</strong></span> <span class='ocrx_word' id='word_1_43' title='bbox 923 2402 957 2474; x_wconf 80' lang='grc' dir='ltr'><strong>ἡ</strong></span> <span class='ocrx_word' id='word_1_44' title='bbox 1000 2401 1247 2473; x_wconf 81' lang='grc' dir='ltr'>βασιλεία</span> 
     </span>
    </p>
   </div>
   <div class='ocr_carea' id='block_1_17' title="bbox 188 2476 309 2513">
    <p class='ocr_par' dir='ltr' id='par_1_17' title="bbox 188 2476 309 2513">
     <span class='ocr_line' id='line_1_17' title="bbox 188 2476 309 2513; baseline 0 0"><span class='ocrx_word' id='word_1_45' title='bbox 188 2476 309 2513; x_wconf 74' lang='grc' dir='ltr'><strong>σῦυ.</strong></span> 
     </span>
    </p>
   </div>
   <div class='ocr_carea' id='block_1_18' title="bbox 275 2558 662 2634">
    <p class='ocr_par' dir='ltr' id='par_1_18' title="bbox 275 2558 662 2634">
     <span class='ocr_line' id='line_1_18' title="bbox 275 2558 662 2634; baseline 0.026 -23"><span class='ocrx_word' id='word_1_46' title='bbox 275 2558 662 2634; x_wconf 82' lang='grc' dir='ltr'><strong>Ἡδρασμένος.</strong></span> 
     </span>
    </p>
   </div>
   <div class='ocr_carea' id='block_1_19' title="bbox 262 2651 757 2730">
    <p class='ocr_par' dir='ltr' id='par_1_19' title="bbox 262 2651 757 2730">
     <span class='ocr_line' id='line_1_19' title="bbox 262 2651 757 2730; baseline 0.024 -27"><span class='ocrx_word' id='word_1_47' title='bbox 262 2651 350 2704; x_wconf 88' lang='grc'><strong>18.</strong></span> <span class='ocrx_word' id='word_1_48' title='bbox 391 2654 637 2725; x_wconf 83' lang='grc' dir='ltr'><strong>Ἥγαγές</strong></span> <span class='ocrx_word' id='word_1_49' title='bbox 668 2677 757 2730; x_wconf 81' lang='grc' dir='ltr'><strong>με.</strong></span> 
     </span>
    </p>
   </div>
   <div class='ocr_carea' id='block_1_20' title="bbox 265 2742 354 2797">
    <p class='ocr_par' dir='ltr' id='par_1_20' title="bbox 265 2742 354 2797">
     <span class='ocr_line' id='line_1_20' title="bbox 265 2742 354 2797; baseline 0.011 -2"><span class='ocrx_word' id='word_1_50' title='bbox 265 2742 354 2797; x_wconf 89' lang='grc'><strong>19.</strong></span> 
     </span>
    </p>
   </div>
   <div class='ocr_carea' id='block_1_21' title="bbox 262 3139 777 3213">
    <p class='ocr_par' dir='ltr' id='par_1_21' title="bbox 262 3139 777 3213">
     <span class='ocr_line' id='line_1_21' title="bbox 262 3139 777 3213; baseline 0.014 -22"><span class='ocrx_word' id='word_1_51' title='bbox 262 3139 356 3194; x_wconf 80' lang='lat'><strong>22.</strong></span> <span class='ocrx_word' id='word_1_52' title='bbox 385 3141 477 3194; x_wconf 82' lang='grc' dir='ltr'><strong>Διὸ</strong></span> <span class='ocrx_word' id='word_1_53' title='bbox 508 3142 683 3213; x_wconf 82' lang='grc' dir='ltr'><strong>μέγας</strong></span> <span class='ocrx_word' id='word_1_54' title='bbox 708 3140 777 3198; x_wconf 84' lang='grc' dir='ltr'><strong>εῐ.</strong></span> 
     </span>
    </p>
   </div>
   <div class='ocr_carea' id='block_1_22' title="bbox 261 3230 905 3308">
    <p class='ocr_par' dir='ltr' id='par_1_22' title="bbox 261 3230 905 3308">
     <span class='ocr_line' id='line_1_22' title="bbox 261 3230 905 3308; baseline 0.011 -24"><span class='ocrx_word' id='word_1_55' title='bbox 261 3230 356 3285; x_wconf 79' lang='lat'><strong>25.</strong></span> <span class='ocrx_word' id='word_1_56' title='bbox 388 3232 508 3287; x_wconf 88' lang='grc' dir='ltr'><strong>Ἵνα</strong></span> <span class='ocrx_word' id='word_1_57' title='bbox 537 3233 675 3308; x_wconf 78' lang='grc' dir='ltr'>τάξῃ</span> <span class='ocrx_word' id='word_1_58' title='bbox 708 3236 905 3308; x_wconf 79' lang='grc' dir='ltr'><strong>ἑαυτῷ.</strong></span> 
     </span>
    </p>
   </div>
   <div class='ocr_carea' id='block_1_23' title="bbox 492 3349 939 3410">
    <p class='ocr_par' dir='ltr' id='par_1_23' title="bbox 492 3349 939 3410">
     <span class='ocr_line' id='line_1_23' title="bbox 492 3349 939 3410; baseline 0.011 -7"><span class='ocrx_word' id='word_1_59' title='bbox 492 3349 939 3410; x_wconf 75' lang='lat' dir='ltr'><strong>SYMMACHUS.</strong></span> 
     </span>
    </p>
   </div>
   <div class='ocr_carea' id='block_1_24' title="bbox 272 3463 327 3517">
    <p class='ocr_par' dir='ltr' id='par_1_24' title="bbox 272 3463 327 3517">
     <span class='ocr_line' id='line_1_24' title="bbox 272 3463 327 3517; baseline 0 0"><span class='ocrx_word' id='word_1_60' title='bbox 272 3463 327 3517; x_wconf 98' lang='grc'><strong>1.</strong></span> 
     </span>
    </p>
   </div>
   <div class='ocr_carea' id='block_1_25' title="bbox 269 3806 658 3865">
    <p class='ocr_par' dir='ltr' id='par_1_25' title="bbox 269 3806 658 3865">
     <span class='ocr_line' id='line_1_25' title="bbox 269 3806 658 3865; baseline 0.008 -3"><span class='ocrx_word' id='word_1_61' title='bbox 269 3806 327 3862; x_wconf 87' lang='grc'><strong>6.</strong></span> <span class='ocrx_word' id='word_1_62' title='bbox 354 3807 460 3864; x_wconf 77' lang='lat' dir='ltr'><strong>Sed</strong></span> <span class='ocrx_word' id='word_1_63' title='bbox 490 3826 658 3865; x_wconf 85' lang='lat' dir='ltr'><strong>eram.</strong></span> 
     </span>
    </p>
   </div>
   <div class='ocr_carea' id='block_1_26' title="bbox 270 3897 619 3957">
    <p class='ocr_par' dir='ltr' id='par_1_26' title="bbox 270 3897 619 3957">
     <span class='ocr_line' id='line_1_26' title="bbox 270 3897 619 3957; baseline 0.02 -8"><span class='ocrx_word' id='word_1_64' title='bbox 270 3897 331 3951; x_wconf 84' lang='lat' dir='ltr'><strong>in</strong></span> <span class='ocrx_word' id='word_1_65' title='bbox 365 3903 619 3957; x_wconf 88' lang='lat' dir='ltr'><strong>tentorio.</strong></span> 
     </span>
    </p>
   </div>
   <div class='ocr_carea' id='block_1_27' title="bbox 269 3990 656 4062">
    <p class='ocr_par' dir='ltr' id='par_1_27' title="bbox 269 3990 656 4062">
     <span class='ocr_line' id='line_1_27' title="bbox 269 3990 656 4062; baseline 0.016 -19"><span class='ocrx_word' id='word_1_66' title='bbox 269 3990 324 4043; x_wconf 92' lang='lat'><strong>8.</strong></span> <span class='ocrx_word' id='word_1_67' title='bbox 361 3992 402 4046; x_wconf 84' lang='lat' dir='ltr'>E</span> <span class='ocrx_word' id='word_1_68' title='bbox 432 4008 656 4062; x_wconf 84' lang='lat' dir='ltr'><strong>pascuo.</strong></span> 
     </span>
    </p>
   </div>
   <div class='ocr_carea' id='block_1_28' title="bbox 275 4176 1224 4253">
    <p class='ocr_par' dir='ltr' id='par_1_28' title="bbox 275 4176 1224 4253">
     <span class='ocr_line' id='line_1_28' title="bbox 275 4176 1224 4253; baseline 0.015 -24"><span class='ocrx_word' id='word_1_69' title='bbox 275 4176 363 4231; x_wconf 79' lang='grc'><strong>10.</strong></span> <span class='ocrx_word' id='word_1_70' title='bbox 402 4176 727 4249; x_wconf 83' lang='lat' dir='ltr'><strong>Requiescet</strong></span> <span class='ocrx_word' id='word_1_71' title='bbox 753 4198 918 4253; x_wconf 77' lang='lat' dir='ltr'><strong>super</strong></span> <span class='ocrx_word' id='word_1_72' title='bbox 942 4185 1064 4241; x_wconf 87' lang='lat' dir='ltr'><strong>loco</strong></span> <span class='ocrx_word' id='word_1_73' title='bbox 1098 4203 1224 4245; x_wconf 78' lang='lat' dir='ltr'><strong>suo.</strong></span> 
     </span>
    </p>
   </div>
   <div class='ocr_carea' id='block_1_29' title="bbox 269 4267 676 4329">
    <p class='ocr_par' dir='ltr' id='par_1_29' title="bbox 269 4267 676 4329">
     <span class='ocr_line' id='line_1_29' title="bbox 269 4267 676 4329; baseline 0.02 -9"><span class='ocrx_word' id='word_1_74' title='bbox 269 4267 676 4329; x_wconf 77' lang='lat' dir='ltr'><strong>Transferetur.</strong></span> 
     </span>
    </p>
   </div>
   <div class='ocr_carea' id='block_1_30' title="bbox 278 4522 598 4578">
    <p class='ocr_par' dir='ltr' id='par_1_30' title="bbox 278 4522 598 4578">
     <span class='ocr_line' id='line_1_30' title="bbox 278 4522 598 4578; baseline 0.006 -3"><span class='ocrx_word' id='word_1_75' title='bbox 278 4523 299 4575; x_wconf 97' lang='grc'><strong>1</strong></span> <span class='ocrx_word' id='word_1_76' title='bbox 318 4522 365 4578; x_wconf 86' lang='grc'><strong>1.</strong></span> <span class='ocrx_word' id='word_1_77' title='bbox 397 4523 598 4578; x_wconf 84' lang='lat' dir='ltr'><strong>Faciet.</strong></span> 
     </span>
    </p>
   </div>
   <div class='ocr_carea' id='block_1_31' title="bbox 276 4612 960 4674">
    <p class='ocr_par' dir='ltr' id='par_1_31' title="bbox 276 4612 960 4674">
     <span class='ocr_line' id='line_1_31' title="bbox 276 4612 960 4674; baseline 0.013 -10"><span class='ocrx_word' id='word_1_78' title='bbox 276 4613 363 4667; x_wconf 78' lang='grc'><strong>12.</strong></span> <span class='ocrx_word' id='word_1_79' title='bbox 394 4612 471 4667; x_wconf 86' lang='lat' dir='ltr'><strong>De</strong></span> <span class='ocrx_word' id='word_1_80' title='bbox 500 4614 801 4672; x_wconf 82' lang='lat' dir='ltr'><strong>visceribus</strong></span> <span class='ocrx_word' id='word_1_81' title='bbox 832 4619 960 4674; x_wconf 72' lang='lat' dir='ltr'><strong>tuis.</strong></span> 
     </span>
    </p>
   </div>
   <div class='ocr_carea' id='block_1_32' title="bbox 273 4704 594 4761">
    <p class='ocr_par' dir='ltr' id='par_1_32' title="bbox 273 4704 594 4761">
     <span class='ocr_line' id='line_1_32' title="bbox 273 4704 594 4761; baseline 0.019 -6"><span class='ocrx_word' id='word_1_82' title='bbox 273 4704 340 4756; x_wconf 78' lang='lat' dir='ltr'><strong>Et</strong></span> <span class='ocrx_word' id='word_1_83' title='bbox 368 4705 594 4761; x_wconf 82' lang='lat' dir='ltr'><strong>ﬁrmabo</strong></span> 
     </span>
    </p>
   </div>
   <div class='ocr_carea' id='block_1_33' title="bbox 280 4797 747 4856">
    <p class='ocr_par' dir='ltr' id='par_1_33' title="bbox 280 4797 747 4856">
     <span class='ocr_line' id='line_1_33' title="bbox 280 4797 747 4856; baseline 0.011 -7"><span class='ocrx_word' id='word_1_84' title='bbox 280 4797 369 4851; x_wconf 72' lang='grc'><strong>15.</strong></span> <span class='ocrx_word' id='word_1_85' title='bbox 407 4797 472 4852; x_wconf 84' lang='lat' dir='ltr'><strong>Et</strong></span> <span class='ocrx_word' id='word_1_86' title='bbox 496 4799 747 4856; x_wconf 84' lang='lat' dir='ltr'><strong>ﬁrmabo.</strong></span> 
     </span>
    </p>
   </div>
   <div class='ocr_carea' id='block_1_34' title="bbox 274 4890 1026 4950">
    <p class='ocr_par' dir='ltr' id='par_1_34' title="bbox 274 4890 1026 4950">
     <span class='ocr_line' id='line_1_34' title="bbox 274 4890 1026 4950; baseline 0.012 -9"><span class='ocrx_word' id='word_1_87' title='bbox 274 4890 363 4943; x_wconf 86' lang='grc'><strong>15.</strong></span> <span class='ocrx_word' id='word_1_88' title='bbox 398 4890 550 4946; x_wconf 89' lang='lat' dir='ltr'><strong>Sicut</strong></span> <span class='ocrx_word' id='word_1_89' title='bbox 574 4892 775 4948; x_wconf 75' lang='lat' dir='ltr'><strong>abstuli</strong></span> <span class='ocrx_word' id='word_1_90' title='bbox 808 4910 839 4949; x_wconf 88' lang='lat' dir='ltr'><strong>a</strong></span> <span class='ocrx_word' id='word_1_91' title='bbox 874 4893 1026 4950; x_wconf 84' lang='lat' dir='ltr'><strong>Saul.</strong></span> 
     </span>
    </p>
   </div>
   <div class='ocr_carea' id='block_1_35' title="bbox 277 5048 1246 5126">
    <p class='ocr_par' dir='ltr' id='par_1_35' title="bbox 277 5048 1246 5126">
     <span class='ocr_line' id='line_1_35' title="bbox 277 5048 1246 5126; baseline 0.012 -26"><span class='ocrx_word' id='word_1_92' title='bbox 277 5050 365 5102; x_wconf 86' lang='grc'><strong>16.</strong></span> <span class='ocrx_word' id='word_1_93' title='bbox 394 5048 600 5107; x_wconf 87' lang='lat' dir='ltr'><strong>Domus</strong></span> <span class='ocrx_word' id='word_1_94' title='bbox 624 5062 717 5108; x_wconf 89' lang='lat' dir='ltr'><strong>tua</strong></span> <span class='ocrx_word' id='word_1_95' title='bbox 743 5063 798 5109; x_wconf 91' lang='lat' dir='ltr'><strong>et</strong></span> <span class='ocrx_word' id='word_1_96' title='bbox 826 5070 1050 5126; x_wconf 74' lang='lat' dir='ltr'><strong>regnum</strong></span> <span class='ocrx_word' id='word_1_97' title='bbox 1074 5065 1246 5111; x_wconf 85' lang='lat' dir='ltr'><strong>tuum.</strong></span> 
     </span>
    </p>
   </div>
   <div class='ocr_carea' id='block_1_36' title="bbox 272 5140 568 5201">
    <p class='ocr_par' dir='ltr' id='par_1_36' title="bbox 272 5140 568 5201">
     <span class='ocr_line' id='line_1_36' title="bbox 272 5140 568 5201; baseline 0.01 -5"><span class='ocrx_word' id='word_1_98' title='bbox 272 5140 568 5201; x_wconf 82' lang='lat' dir='ltr'><strong>Firmatus.</strong></span> 
     </span>
    </p>
   </div>
   <div class='ocr_carea' id='block_1_37' title="bbox 272 5234 742 5295">
    <p class='ocr_par' dir='ltr' id='par_1_37' title="bbox 272 5234 742 5295">
     <span class='ocr_line' id='line_1_37' title="bbox 272 5234 742 5295; baseline 0.019 -8"><span class='ocrx_word' id='word_1_99' title='bbox 272 5234 363 5289; x_wconf 81' lang='grc'><strong>18.</strong></span> <span class='ocrx_word' id='word_1_100' title='bbox 394 5234 606 5295; x_wconf 82' lang='lat' dir='ltr'><strong>Duxisti</strong></span> <span class='ocrx_word' id='word_1_101' title='bbox 636 5255 742 5295; x_wconf 84' lang='lat' dir='ltr'><strong>me.</strong></span> 
     </span>
    </p>
   </div>
   <div class='ocr_carea' id='block_1_38' title="bbox 272 5322 361 5378">
    <p class='ocr_par' dir='ltr' id='par_1_38' title="bbox 272 5322 361 5378">
     <span class='ocr_line' id='line_1_38' title="bbox 272 5322 361 5378; baseline 0.022 -2"><span class='ocrx_word' id='word_1_102' title='bbox 272 5322 361 5378; x_wconf 88' lang='grc'><strong>19.</strong></span> 
     </span>
    </p>
   </div>
   <div class='ocr_carea' id='block_1_39' title="bbox 266 5552 363 5609">
    <p class='ocr_par' dir='ltr' id='par_1_39' title="bbox 266 5552 363 5609">
     <span class='ocr_line' id='line_1_39' title="bbox 266 5552 363 5609; baseline 0.01 -1"><span class='ocrx_word' id='word_1_103' title='bbox 266 5552 363 5609; x_wconf 85' lang='grc'><strong>21.</strong></span> 
     </span>
    </p>
   </div>
   <div class='ocr_carea' id='block_1_40' title="bbox 270 5721 1061 5798">
    <p class='ocr_par' dir='ltr' id='par_1_40' title="bbox 270 5721 1061 5798">
     <span class='ocr_line' id='line_1_40' title="bbox 270 5721 1061 5798; baseline 0.015 -24"><span class='ocrx_word' id='word_1_104' title='bbox 270 5721 362 5776; x_wconf 73' lang='lat'><strong>9.2.</strong></span> <span class='ocrx_word' id='word_1_105' title='bbox 395 5721 684 5795; x_wconf 77' lang='lat' dir='ltr'><strong>Propterea</strong></span> <span class='ocrx_word' id='word_1_106' title='bbox 721 5744 953 5798; x_wconf 80' lang='lat' dir='ltr'><strong>magnus</strong></span> <span class='ocrx_word' id='word_1_107' title='bbox 980 5746 1061 5787; x_wconf 75' lang='lat' dir='ltr'><strong>es.</strong></span> 
     </span>
    </p>
   </div>
   <div class='ocr_carea' id='block_1_41' title="bbox 271 5814 920 5876">
    <p class='ocr_par' dir='ltr' id='par_1_41' title="bbox 271 5814 920 5876">
     <span class='ocr_line' id='line_1_41' title="bbox 271 5814 920 5876; baseline 0.011 -8"><span class='ocrx_word' id='word_1_108' title='bbox 271 5814 363 5869; x_wconf 82' lang='grc'><strong>25.</strong></span> <span class='ocrx_word' id='word_1_109' title='bbox 411 5814 479 5871; x_wconf 88' lang='lat' dir='ltr'><strong>Ut</strong></span> <span class='ocrx_word' id='word_1_110' title='bbox 509 5826 768 5875; x_wconf 76' lang='lat' dir='ltr'><strong>statueret</strong></span> <span class='ocrx_word' id='word_1_111' title='bbox 796 5822 920 5876; x_wconf 84' lang='lat' dir='ltr'><strong>sibi.</strong></span> 
     </span>
    </p>
   </div>
   <div class='ocr_carea' id='block_1_42' title="bbox 1378 370 2287 469">
    <p class='ocr_par' dir='ltr' id='par_1_42' title="bbox 1378 370 2287 469">
     <span class='ocr_line' id='line_1_42' title="bbox 1378 370 2287 469; baseline 0.009 -43"><span class='ocrx_word' id='word_1_112' title='bbox 1378 370 1509 428; x_wconf 87' lang='lat' dir='ltr'><strong>LIB.</strong></span> <span class='ocrx_word' id='word_1_113' title='bbox 1545 372 1589 427; x_wconf 90' lang='lat' dir='ltr'><strong>ll</strong></span> <span class='ocrx_word' id='word_1_114' title='bbox 1625 373 1864 432; x_wconf 78' lang='lat' dir='ltr'><strong>REGUM</strong></span> <span class='ocrx_word' id='word_1_115' title='bbox 1902 376 2147 469; x_wconf 36' lang='lat' dir='ltr'><strong>CAPUT.</strong></span> <span class='ocrx_word' id='word_1_116' title='bbox 2178 377 2287 435; x_wconf 72' lang='lat' dir='ltr'><strong>VII.</strong></span> 
     </span>
    </p>
   </div>
   <div class='ocr_carea' id='block_1_43' title="bbox 1322 488 2378 563">
    <p class='ocr_par' dir='ltr' id='par_1_43' title="bbox 1322 488 2378 563">
     <span class='ocr_line' id='line_1_43' title="bbox 1322 488 2378 563; baseline 0.009 -10"><span class='ocrx_word' id='word_1_117' title='bbox 1322 488 1578 554; x_wconf 84' lang='lat' dir='ltr'><strong>CAPUT</strong></span> <span class='ocrx_word' id='word_1_118' title='bbox 1628 494 1745 554; x_wconf 87' lang='lat' dir='ltr'><strong>Vll</strong></span> <span class='ocrx_word' id='word_1_119' title='bbox 1782 496 1934 558; x_wconf 84' lang='lat' dir='ltr'><strong>LIB.</strong></span> <span class='ocrx_word' id='word_1_120' title='bbox 1975 496 2034 557; x_wconf 83' lang='lat' dir='ltr'>ll</span> <span class='ocrx_word' id='word_1_121' title='bbox 2070 497 2378 563; x_wconf 78' lang='lat' dir='ltr'><strong>REGUM.</strong></span> 
     </span>
    </p>
   </div>
   <div class='ocr_carea' id='block_1_44' title="bbox 1789 619 1867 671">
    <p class='ocr_par' dir='ltr' id='par_1_44' title="bbox 1789 619 1867 671">
     <span class='ocr_line' id='line_1_44' title="bbox 1789 619 1867 671; baseline 0.038 -3"><span class='ocrx_word' id='word_1_122' title='bbox 1789 619 1867 671; x_wconf 78' lang='grc' dir='ltr'>θ’.</span> 
     </span>
    </p>
   </div>
   <div class='ocr_carea' id='block_1_45' title="bbox 1389 769 2371 846">
    <p class='ocr_par' dir='ltr' id='par_1_45' title="bbox 1389 769 2371 846">
     <span class='ocr_line' id='line_1_45' title="bbox 1389 769 2371 846; baseline 0.009 -22"><span class='ocrx_word' id='word_1_123' title='bbox 1389 769 1441 825; x_wconf 91' lang='grc'><strong>1.</strong></span> <span class='ocrx_word' id='word_1_124' title='bbox 1476 771 1730 846; x_wconf 32' lang='grc' dir='ltr'>Κατε-κλη</span> <span class='ocrx_word' id='word_1_125' title='bbox 1739 774 1858 845; x_wconf 87' lang='grc' dir='ltr'>ρονό</span> <span class='ocrx_word' id='word_1_126' title='bbox 1866 792 1938 846; x_wconf 86' lang='grc' dir='ltr'>μη</span> <span class='ocrx_word' id='word_1_127' title='bbox 1946 792 2037 846; x_wconf 87' lang='grc' dir='ltr'>σεν</span> <span class='ocrx_word' id='word_1_128' title='bbox 2056 775 2371 833; x_wconf 69' lang='grc' dir='ltr'>αὐτόν.Ἅ.λο</span> 
     </span>
    </p>
   </div>
   <div class='ocr_carea' id='block_1_46' title="bbox 1315 842 2041 917">
    <p class='ocr_par' dir='ltr' id='par_1_46' title="bbox 1315 842 2041 917">
     <span class='ocr_line' id='line_1_46' title="bbox 1315 842 2041 917; baseline 0.007 -22"><span class='ocrx_word' id='word_1_129' title='bbox 1315 842 1428 907; x_wconf 75' lang='grc' dir='ltr'><strong>λος</strong></span> <span class='ocrx_word' id='word_1_130' title='bbox 1454 880 1469 906; x_wconf 89' lang='grc'><em>,</em></span> <span class='ocrx_word' id='word_1_131' title='bbox 1501 842 1844 897; x_wconf 74' lang='grc' dir='ltr'>κατέπαῦσεν</span> <span class='ocrx_word' id='word_1_132' title='bbox 1867 842 2041 917; x_wconf 71' lang='grc' dir='ltr'>αὐτῷ.</span> 
     </span>
    </p>
   </div>
   <div class='ocr_carea' id='block_1_47' title="bbox 1384 931 2144 1009">
    <p class='ocr_par' dir='ltr' id='par_1_47' title="bbox 1384 931 2144 1009">
     <span class='ocr_line' id='line_1_47' title="bbox 1384 931 2144 1009; baseline 0.012 -23"><span class='ocrx_word' id='word_1_133' title='bbox 1384 931 1439 986; x_wconf 83' lang='grc'><strong>2.</strong></span> <span class='ocrx_word' id='word_1_134' title='bbox 1483 933 1571 987; x_wconf 84' lang='grc' dir='ltr'>Ἑν</span> <span class='ocrx_word' id='word_1_135' title='bbox 1604 931 1752 1004; x_wconf 83' lang='grc' dir='ltr'><strong>μέσῳ</strong></span> <span class='ocrx_word' id='word_1_136' title='bbox 1777 934 1878 1005; x_wconf 82' lang='grc' dir='ltr'><strong>τῆς</strong></span> <span class='ocrx_word' id='word_1_137' title='bbox 1914 937 2144 1009; x_wconf 81' lang='grc' dir='ltr'><strong>σκηνῆς.</strong></span> 
     </span>
    </p>
   </div>
   <div class='ocr_carea' id='block_1_48' title="bbox 1386 1095 1772 1168">
    <p class='ocr_par' dir='ltr' id='par_1_48' title="bbox 1386 1095 1772 1168">
     <span class='ocr_line' id='line_1_48' title="bbox 1386 1095 1772 1168; baseline 0.008 -18"><span class='ocrx_word' id='word_1_138' title='bbox 1386 1095 1439 1150; x_wconf 88' lang='grc'><strong>6.</strong></span> <span class='ocrx_word' id='word_1_139' title='bbox 1461 1096 1572 1149; x_wconf 79' lang='grc' dir='ltr'><strong>Καὶ</strong></span> <span class='ocrx_word' id='word_1_140' title='bbox 1602 1096 1772 1168; x_wconf 75' lang='grc' dir='ltr'>ἥμην.</span> 
     </span>
    </p>
   </div>
   <div class='ocr_carea' id='block_1_49' title="bbox 1396 1186 1872 1259">
    <p class='ocr_par' dir='ltr' id='par_1_49' title="bbox 1396 1186 1872 1259">
     <span class='ocr_line' id='line_1_49' title="bbox 1396 1186 1872 1259; baseline 0.008 -19"><span class='ocrx_word' id='word_1_141' title='bbox 1396 1186 1486 1241; x_wconf 87' lang='grc' dir='ltr'><strong>Ἐν</strong></span> <span class='ocrx_word' id='word_1_142' title='bbox 1508 1186 1872 1259; x_wconf 81' lang='grc' dir='ltr'><strong>καταλύματι.</strong></span> 
     </span>
    </p>
   </div>
   <div class='ocr_carea' id='block_1_50' title="bbox 1385 1276 1994 1352">
    <p class='ocr_par' dir='ltr' id='par_1_50' title="bbox 1385 1276 1994 1352">
     <span class='ocr_line' id='line_1_50' title="bbox 1385 1276 1994 1352; baseline 0.011 -22"><span class='ocrx_word' id='word_1_143' title='bbox 1385 1276 1440 1331; x_wconf 89' lang='lat'><strong>8.</strong></span> <span class='ocrx_word' id='word_1_144' title='bbox 1479 1277 1574 1331; x_wconf 86' lang='grc' dir='ltr'>Ἐκ</span> <span class='ocrx_word' id='word_1_145' title='bbox 1608 1278 1708 1350; x_wconf 84' lang='grc' dir='ltr'><strong>τῆς</strong></span> <span class='ocrx_word' id='word_1_146' title='bbox 1734 1279 1994 1352; x_wconf 83' lang='grc' dir='ltr'><strong>μάνδρας.</strong></span> 
     </span>
    </p>
   </div>
   <div class='ocr_carea' id='block_1_51' title="bbox 1394 1366 1586 1425">
    <p class='ocr_par' dir='ltr' id='par_1_51' title="bbox 1394 1366 1586 1425">
     <span class='ocr_line' id='line_1_51' title="bbox 1394 1366 1586 1425; baseline 0.016 -4"><span class='ocrx_word' id='word_1_147' title='bbox 1394 1366 1586 1425; x_wconf 85' lang='lat' dir='ltr'><strong>Vacat.</strong></span> 
     </span>
    </p>
   </div>
   <div class='ocr_carea' id='block_1_52' title="bbox 1349 1460 2371 1584">
    <p class='ocr_par' dir='ltr' id='par_1_52' title="bbox 1349 1460 2371 1584">
     <span class='ocr_line' id='line_1_52' title="bbox 1349 1460 2371 1584; baseline 0.009 -69"><span class='ocrx_word' id='word_1_148' title='bbox 1349 1460 1476 1584; x_wconf 75' lang='grc' dir='ltr'><strong>ό10.</strong></span> <span class='ocrx_word' id='word_1_149' title='bbox 1507 1462 1617 1515; x_wconf 74' lang='grc' dir='ltr'><strong>Καὶ</strong></span> <span class='ocrx_word' id='word_1_150' title='bbox 1648 1463 2067 1535; x_wconf 83' lang='grc' dir='ltr'><strong>κατασκηνώσει</strong></span> <span class='ocrx_word' id='word_1_151' title='bbox 2101 1466 2225 1523; x_wconf 85' lang='grc' dir='ltr'>καθ’</span> <span class='ocrx_word' id='word_1_152' title='bbox 2243 1466 2371 1523; x_wconf 64' lang='lat' dir='ltr'><strong>lau-</strong></span> 
     </span>
     <span class='ocr_line' id='line_1_53' title="bbox 1379 1549 1428 1584; baseline 0 0"><span class='ocrx_word' id='word_1_153' title='bbox 1379 1549 1428 1584; x_wconf 90' lang='grc' dir='ltr'><strong>ν.</strong></span> 
     </span>
    </p>
   </div>
   <div class='ocr_carea' id='block_1_53' title="bbox 1314 1546 1428 1587">
    <p class='ocr_par' dir='ltr' id='par_1_53' title="bbox 1314 1546 1428 1587">
     <span class='ocr_line' id='line_1_54' title="bbox 1314 1546 1428 1587; baseline 0.035 -4"><span class='ocrx_word' id='word_1_154' title='bbox 1314 1546 1428 1587; x_wconf 88' lang='grc' dir='ltr'>τον.</span> 
     </span>
    </p>
   </div>
   <div class='ocr_carea' id='block_1_54' title="bbox 1385 1621 1748 1696">
    <p class='ocr_par' dir='ltr' id='par_1_54' title="bbox 1385 1621 1748 1696">
     <span class='ocr_line' id='line_1_55' title="bbox 1385 1621 1748 1696; baseline 0.014 -22"><span class='ocrx_word' id='word_1_155' title='bbox 1385 1621 1748 1696; x_wconf 82' lang='grc' dir='ltr'><strong>Μεριμνήσει.</strong></span> 
     </span>
    </p>
   </div>
   <div class='ocr_carea' id='block_1_55' title="bbox 1386 1713 2371 1794">
    <p class='ocr_par' dir='ltr' id='par_1_55' title="bbox 1386 1713 2371 1794">
     <span class='ocr_line' id='line_1_56' title="bbox 1386 1713 2371 1794; baseline 0.012 -28"><span class='ocrx_word' id='word_1_156' title='bbox 1386 1713 1737 1794; x_wconf 57' lang='grc' dir='ltr'>Τατξεινῶσαι</span> <span class='ocrx_word' id='word_1_157' title='bbox 1758 1716 1954 1794; x_wconf 66' lang='grc' dir='ltr'>αὐτόν.</span> <span class='ocrx_word' id='word_1_158' title='bbox 1994 1720 2251 1790; x_wconf 73' lang='grc' dir='ltr'><strong>Ἅλλος’,</strong></span> <span class='ocrx_word' id='word_1_159' title='bbox 2275 1740 2371 1794; x_wconf 74' lang='grc' dir='ltr'><strong>μι-</strong></span> 
     </span>
    </p>
   </div>
   <div class='ocr_carea' id='block_1_56' title="bbox 1315 1785 1823 1855">
    <p class='ocr_par' dir='ltr' id='par_1_56' title="bbox 1315 1785 1823 1855">
     <span class='ocr_line' id='line_1_57' title="bbox 1315 1785 1823 1855; baseline 0.01 -20"><span class='ocrx_word' id='word_1_160' title='bbox 1315 1785 1508 1855; x_wconf 85' lang='grc' dir='ltr'>τακινῆ</span> <span class='ocrx_word' id='word_1_161' title='bbox 1518 1802 1607 1838; x_wconf 87' lang='grc' dir='ltr'><strong>σαι</strong></span> <span class='ocrx_word' id='word_1_162' title='bbox 1639 1787 1823 1841; x_wconf 83' lang='grc' dir='ltr'>αὐτόν.</span> 
     </span>
    </p>
   </div>
   <div class='ocr_carea' id='block_1_57' title="bbox 1392 1877 1917 1950">
    <p class='ocr_par' dir='ltr' id='par_1_57' title="bbox 1392 1877 1917 1950">
     <span class='ocr_line' id='line_1_58' title="bbox 1392 1877 1917 1950; baseline 0.008 -20"><span class='ocrx_word' id='word_1_163' title='bbox 1392 1877 1477 1930; x_wconf 93' lang='grc'><strong>11.</strong></span> <span class='ocrx_word' id='word_1_164' title='bbox 1507 1878 1917 1950; x_wconf 81' lang='grc' dir='ltr'>Οἰκοδομήσεις.</span> 
     </span>
    </p>
   </div>
   <div class='ocr_carea' id='block_1_58' title="bbox 1392 1965 2105 2039">
    <p class='ocr_par' dir='ltr' id='par_1_58' title="bbox 1392 1965 2105 2039">
     <span class='ocr_line' id='line_1_59' title="bbox 1392 1965 2105 2039; baseline 0.01 -20"><span class='ocrx_word' id='word_1_165' title='bbox 1392 1965 1480 2019; x_wconf 89' lang='grc'><strong>12.</strong></span> <span class='ocrx_word' id='word_1_166' title='bbox 1520 1966 1615 2021; x_wconf 86' lang='grc' dir='ltr'>Ἐκ</span> <span class='ocrx_word' id='word_1_167' title='bbox 1638 1967 1736 2039; x_wconf 83' lang='grc' dir='ltr'><strong>τῆς</strong></span> <span class='ocrx_word' id='word_1_168' title='bbox 1756 1969 1963 2034; x_wconf 84' lang='grc' dir='ltr'>κοιλίας</span> <span class='ocrx_word' id='word_1_169' title='bbox 1990 1987 2105 2028; x_wconf 83' lang='grc' dir='ltr'>σου.</span> 
     </span>
    </p>
   </div>
   <div class='ocr_carea' id='block_1_59' title="bbox 1388 2062 1822 2134">
    <p class='ocr_par' dir='ltr' id='par_1_59' title="bbox 1388 2062 1822 2134">
     <span class='ocr_line' id='line_1_60' title="bbox 1388 2062 1822 2134; baseline 0.012 -20"><span class='ocrx_word' id='word_1_170' title='bbox 1388 2062 1499 2115; x_wconf 71' lang='grc' dir='ltr'><strong>Καὶ</strong></span> <span class='ocrx_word' id='word_1_171' title='bbox 1527 2063 1822 2134; x_wconf 80' lang='grc' dir='ltr'>ἑτοιμάσω.</span> 
     </span>
    </p>
   </div>
   <div class='ocr_carea' id='block_1_60' title="bbox 1391 2155 1973 2231">
    <p class='ocr_par' dir='ltr' id='par_1_60' title="bbox 1391 2155 1973 2231">
     <span class='ocr_line' id='line_1_61' title="bbox 1391 2155 1973 2231; baseline 0.01 -23"><span class='ocrx_word' id='word_1_172' title='bbox 1391 2155 1477 2209; x_wconf 94' lang='grc'><strong>15.</strong></span> <span class='ocrx_word' id='word_1_173' title='bbox 1510 2158 1622 2211; x_wconf 74' lang='grc' dir='ltr'><strong>Καὶ</strong></span> <span class='ocrx_word' id='word_1_174' title='bbox 1660 2158 1973 2231; x_wconf 82' lang='grc' dir='ltr'><strong>ἀνορθώσω.</strong></span> 
     </span>
    </p>
   </div>
   <div class='ocr_carea' id='block_1_61' title="bbox 2299 2250 2329 2276">
    <p class='ocr_par' dir='ltr' id='par_1_61' title="bbox 2299 2250 2329 2276">
     <span class='ocr_line' id='line_1_62' title="bbox 2299 2250 2329 2276; baseline 0 0"><span class='ocrx_word' id='word_1_175' title='bbox 2299 2250 2329 2276; x_wconf 65' lang='grc' dir='ltr'><strong>ν</strong></span> 
     </span>
    </p>
   </div>
   <div class='ocr_carea' id='block_1_62' title="bbox 1390 2247 2373 2326">
    <p class='ocr_par' dir='ltr' id='par_1_62' title="bbox 1390 2247 2373 2326">
     <span class='ocr_line' id='line_1_63' title="bbox 1390 2247 2373 2326; baseline 0.014 -26"><span class='ocrx_word' id='word_1_176' title='bbox 1390 2247 1482 2326; x_wconf 34' lang='grc'><strong>1⁸5.</strong></span> <span class='ocrx_word' id='word_1_177' title='bbox 1510 2248 1710 2315; x_wconf 77' lang='grc' dir='ltr'>Καθὼς</span> <span class='ocrx_word' id='word_1_178' title='bbox 1776 2252 2064 2325; x_wconf 80' lang='grc' dir='ltr'>ἀπέστησα</span> <span class='ocrx_word' id='word_1_179' title='bbox 2132 2256 2225 2326; x_wconf 80' lang='grc' dir='ltr'><strong>ἀφ’</strong></span> <span class='ocrx_word' id='word_1_180' title='bbox 2292 2250 2373 2314; x_wconf 80' lang='grc' dir='ltr'>ὧν</span> 
     </span>
    </p>
   </div>
   <div class='ocr_carea' id='block_1_63' title="bbox 1318 2316 1624 2390">
    <p class='ocr_par' dir='ltr' id='par_1_63' title="bbox 1318 2316 1624 2390">
     <span class='ocr_line' id='line_1_64' title="bbox 1318 2316 1624 2390; baseline 0.02 -21"><span class='ocrx_word' id='word_1_181' title='bbox 1318 2316 1624 2390; x_wconf 83' lang='grc' dir='ltr'>ἀπέστησα.</span> 
     </span>
    </p>
   </div>
   <div class='ocr_carea' id='block_1_64' title="bbox 1391 2406 2367 2490">
    <p class='ocr_par' dir='ltr' id='par_1_64' title="bbox 1391 2406 2367 2490">
     <span class='ocr_line' id='line_1_65' title="bbox 1391 2406 2367 2490; baseline 0.011 -28"><span class='ocrx_word' id='word_1_182' title='bbox 1391 2408 1480 2490; x_wconf 77' lang='grc'><strong>16.</strong></span> <span class='ocrx_word' id='word_1_183' title='bbox 1504 2410 1578 2490; x_wconf 41' lang='grc' dir='ltr'><strong>,Ὁ</strong></span> <span class='ocrx_word' id='word_1_184' title='bbox 1595 2406 1756 2490; x_wconf 39' lang='grc' dir='ltr'>ὀἶκος</span> <span class='ocrx_word' id='word_1_185' title='bbox 1788 2412 1975 2480; x_wconf 76' lang='grc' dir='ltr'>αὐτοῦ,</span> <span class='ocrx_word' id='word_1_186' title='bbox 2007 2416 2100 2469; x_wconf 77' lang='grc' dir='ltr'>καὶ</span> <span class='ocrx_word' id='word_1_187' title='bbox 2145 2418 2179 2490; x_wconf 81' lang='grc' dir='ltr'>ἡ</span> <span class='ocrx_word' id='word_1_188' title='bbox 2211 2418 2367 2490; x_wconf 86' lang='grc' dir='ltr'>βασι-</span> 
     </span>
    </p>
   </div>
   <div class='ocr_carea' id='block_1_65' title="bbox 1318 2478 1646 2535">
    <p class='ocr_par' dir='ltr' id='par_1_65' title="bbox 1318 2478 1646 2535">
     <span class='ocr_line' id='line_1_66' title="bbox 1318 2478 1646 2535; baseline 0.003 -2"><span class='ocrx_word' id='word_1_189' title='bbox 1318 2478 1437 2534; x_wconf 86' lang='grc' dir='ltr'>λεία</span> <span class='ocrx_word' id='word_1_190' title='bbox 1460 2480 1646 2535; x_wconf 80' lang='grc' dir='ltr'>αὑτοῦ.</span> 
     </span>
    </p>
   </div>
   <div class='ocr_carea' id='block_1_66' title="bbox 1403 2572 1840 2645">
    <p class='ocr_par' dir='ltr' id='par_1_66' title="bbox 1403 2572 1840 2645">
     <span class='ocr_line' id='line_1_67' title="bbox 1403 2572 1840 2645; baseline 0.009 -19"><span class='ocrx_word' id='word_1_191' title='bbox 1403 2572 1840 2645; x_wconf 75' lang='grc' dir='ltr'><strong>’Δνωρθωμένος.</strong></span> 
     </span>
    </p>
   </div>
   <div class='ocr_carea' id='block_1_67' title="bbox 1390 2665 1973 2741">
    <p class='ocr_par' dir='ltr' id='par_1_67' title="bbox 1390 2665 1973 2741">
     <span class='ocr_line' id='line_1_68' title="bbox 1390 2665 1973 2741; baseline 0.003 -20"><span class='ocrx_word' id='word_1_192' title='bbox 1390 2665 1479 2721; x_wconf 87' lang='grc'><strong>18.</strong></span> <span class='ocrx_word' id='word_1_193' title='bbox 1520 2666 1843 2739; x_wconf 84' lang='grc' dir='ltr'>Ἠγάπησάς</span> <span class='ocrx_word' id='word_1_194' title='bbox 1885 2686 1973 2741; x_wconf 82' lang='grc' dir='ltr'><strong>με.</strong></span> 
     </span>
    </p>
   </div>
   <div class='ocr_carea' id='block_1_68' title="bbox 1392 2757 2365 2887">
    <p class='ocr_par' dir='ltr' id='par_1_68' title="bbox 1392 2757 2365 2887">
     <span class='ocr_line' id='line_1_69' title="bbox 1392 2757 2365 2836; baseline 0.008 -25"><span class='ocrx_word' id='word_1_195' title='bbox 1392 2757 1478 2812; x_wconf 91' lang='grc'><strong>19.</strong></span> <span class='ocrx_word' id='word_1_196' title='bbox 1504 2758 1616 2811; x_wconf 72' lang='grc' dir='ltr'><strong>Καὶ</strong></span> <span class='ocrx_word' id='word_1_197' title='bbox 1640 2762 1809 2812; x_wconf 70' lang='grc' dir='ltr'>καοδεσ</span> <span class='ocrx_word' id='word_1_198' title='bbox 1856 2760 2119 2832; x_wconf 81' lang='grc' dir='ltr'>ικρύνθην</span> <span class='ocrx_word' id='word_1_199' title='bbox 2188 2765 2365 2836; x_wconf 85' lang='grc' dir='ltr'>ικρόν.</span> 
     </span>
     <span class='ocr_line' id='line_1_70' title="bbox 1392 2778 2365 2887; baseline 0.005 -5"><span class='ocrx_word' id='word_1_200' title='bbox 1392 2831 1562 2887; x_wconf 61' lang='lat' dir='ltr'><strong>Noe.</strong></span> <span class='ocrx_word' id='word_1_201' title='bbox 1595 2778 2063 2887; x_wconf 53' lang='grc' dir='ltr'>κατεσμειουνται</span> <span class='ocrx_word' id='word_1_202' title='bbox 2099 2781 2182 2887; x_wconf 46' lang='grc' dir='ltr'>τις</span> <span class='ocrx_word' id='word_1_203' title='bbox 2197 2839 2365 2887; x_wconf 77' lang='grc' dir='ltr'>ιιικοὰ</span> 
     </span>
    </p>
   </div>
   <div class='ocr_carea' id='block_1_69' title="bbox 1323 2829 2370 2909">
    <p class='ocr_par' dir='ltr' id='par_1_69' title="bbox 1323 2829 2370 2909">
     <span class='ocr_line' id='line_1_71' title="bbox 1323 2829 2370 2909; baseline 0.009 -28"><span class='ocrx_word' id='word_1_204' title='bbox 1323 2829 1562 2909; x_wconf 62' lang='grc' dir='ltr'><strong>Ἀμος,</strong></span> <span class='ocrx_word' id='word_1_205' title='bbox 1595 2829 2082 2902; x_wconf 67' lang='grc' dir='ltr'>κατεσμίκρύνται</span> <span class='ocrx_word' id='word_1_206' title='bbox 2099 2829 2172 2887; x_wconf 78' lang='grc' dir='ltr'>τὰ</span> <span class='ocrx_word' id='word_1_207' title='bbox 2196 2829 2370 2908; x_wconf 64' lang='grc' dir='ltr'>μικρὰ</span> 
     </span>
    </p>
   </div>
   <div class='ocr_carea' id='block_1_70' title="bbox 1317 2915 1507 2951">
    <p class='ocr_par' dir='ltr' id='par_1_70' title="bbox 1317 2915 1507 2951">
     <span class='ocr_line' id='line_1_72' title="bbox 1317 2915 1507 2951; baseline 0.011 -2"><span class='ocrx_word' id='word_1_208' title='bbox 1317 2915 1507 2951; x_wconf 86' lang='grc' dir='ltr'>ταυτα.</span> 
     </span>
    </p>
   </div>
   <div class='ocr_carea' id='block_1_71' title="bbox 1386 2989 2366 3066">
    <p class='ocr_par' dir='ltr' id='par_1_71' title="bbox 1386 2989 2366 3066">
     <span class='ocr_line' id='line_1_73' title="bbox 1386 2989 2366 3066; baseline 0.011 -24"><span class='ocrx_word' id='word_1_209' title='bbox 1386 2989 1476 3066; x_wconf 71' lang='grc'><strong>21.</strong></span> <span class='ocrx_word' id='word_1_210' title='bbox 1505 2989 1713 3066; x_wconf 35' lang='grc' dir='ltr'><strong>ᾼιὰ-τρν</strong></span> <span class='ocrx_word' id='word_1_211' title='bbox 1743 2990 1928 3046; x_wconf 81' lang='grc' dir='ltr'><strong>δοῦλόν</strong></span> <span class='ocrx_word' id='word_1_212' title='bbox 1958 3011 2073 3049; x_wconf 86' lang='grc' dir='ltr'>σου.</span> <span class='ocrx_word' id='word_1_213' title='bbox 2130 2996 2366 3066; x_wconf 74' lang='grc' dir='ltr'><strong>Ἄλλος,</strong></span> 
     </span>
    </p>
   </div>
   <div class='ocr_carea' id='block_1_72' title="bbox 1318 3060 1914 3129">
    <p class='ocr_par' dir='ltr' id='par_1_72' title="bbox 1318 3060 1914 3129">
     <span class='ocr_line' id='line_1_74' title="bbox 1318 3060 1914 3129; baseline 0.007 -17"><span class='ocrx_word' id='word_1_214' title='bbox 1318 3060 1459 3113; x_wconf 82' lang='grc' dir='ltr'>κατὰ</span> <span class='ocrx_word' id='word_1_215' title='bbox 1490 3061 1580 3113; x_wconf 85' lang='grc' dir='ltr'><strong>τὸν</strong></span> <span class='ocrx_word' id='word_1_216' title='bbox 1606 3061 1763 3129; x_wconf 85' lang='grc' dir='ltr'>λόγον</span> <span class='ocrx_word' id='word_1_217' title='bbox 1800 3078 1914 3116; x_wconf 86' lang='grc' dir='ltr'>σου.</span> 
     </span>
    </p>
   </div>
   <div class='ocr_carea' id='block_1_73' title="bbox 1393 3151 2315 3225">
    <p class='ocr_par' dir='ltr' id='par_1_73' title="bbox 1393 3151 2315 3225">
     <span class='ocr_line' id='line_1_75' title="bbox 1393 3151 2315 3225; baseline 0.009 -21"><span class='ocrx_word' id='word_1_218' title='bbox 1393 3151 1484 3206; x_wconf 83' lang='grc'><strong>22.</strong></span> <span class='ocrx_word' id='word_1_219' title='bbox 1518 3152 1744 3206; x_wconf 86' lang='grc' dir='ltr'>Ἕνεκεν</span> <span class='ocrx_word' id='word_1_220' title='bbox 1767 3153 1862 3208; x_wconf 86' lang='grc' dir='ltr'>τοῦ</span> <span class='ocrx_word' id='word_1_221' title='bbox 1900 3157 2202 3225; x_wconf 78' lang='grc' dir='ltr'>μεγαλῦναί</span> <span class='ocrx_word' id='word_1_222' title='bbox 2234 3175 2315 3212; x_wconf 79' lang='grc' dir='ltr'><strong>σε.</strong></span> 
     </span>
    </p>
   </div>
   <div class='ocr_carea' id='block_1_74' title="bbox 1394 3243 1947 3300">
    <p class='ocr_par' dir='ltr' id='par_1_74' title="bbox 1394 3243 1947 3300">
     <span class='ocr_line' id='line_1_76' title="bbox 1394 3243 1947 3300; baseline 0.005 -3"><span class='ocrx_word' id='word_1_223' title='bbox 1394 3243 1483 3300; x_wconf 88' lang='grc'><strong>25.</strong></span> <span class='ocrx_word' id='word_1_224' title='bbox 1518 3243 1624 3297; x_wconf 79' lang='grc' dir='ltr'>Τοῦ</span> <span class='ocrx_word' id='word_1_225' title='bbox 1648 3244 1839 3299; x_wconf 82' lang='grc' dir='ltr'>θέσθαι</span> <span class='ocrx_word' id='word_1_226' title='bbox 1868 3263 1947 3300; x_wconf 87' lang='grc' dir='ltr'>σε.</span> 
     </span>
    </p>
   </div>
   <div class='ocr_carea' id='block_1_75' title="bbox 1498 3360 2180 3421">
    <p class='ocr_par' dir='ltr' id='par_1_75' title="bbox 1498 3360 2180 3421">
     <span class='ocr_line' id='line_1_77' title="bbox 1498 3360 2180 3421; baseline 0.01 -7"><span class='ocrx_word' id='word_1_227' title='bbox 1498 3360 1641 3415; x_wconf 79' lang='lat' dir='ltr'><strong>LXX</strong></span> <span class='ocrx_word' id='word_1_228' title='bbox 1679 3362 2180 3421; x_wconf 81' lang='lat' dir='ltr'><strong>INTERPRETES.</strong></span> 
     </span>
    </p>
   </div>
   <div class='ocr_carea' id='block_1_76' title="bbox 1394 3475 2363 3548">
    <p class='ocr_par' dir='ltr' id='par_1_76' title="bbox 1394 3475 2363 3548">
     <span class='ocr_line' id='line_1_78' title="bbox 1394 3475 2363 3548; baseline 0.008 -19"><span class='ocrx_word' id='word_1_229' title='bbox 1394 3476 1446 3529; x_wconf 91' lang='grc'><strong>1.</strong></span> <span class='ocrx_word' id='word_1_230' title='bbox 1484 3475 1818 3535; x_wconf 65' lang='lat' dir='ltr'><strong>Hmredilare</strong></span> <span class='ocrx_word' id='word_1_231' title='bbox 1852 3479 1980 3536; x_wconf 82' lang='lat' dir='ltr'><strong>fecit</strong></span> <span class='ocrx_word' id='word_1_232' title='bbox 2013 3496 2159 3537; x_wconf 91' lang='lat' dir='ltr'><strong>eum.</strong></span> <span class='ocrx_word' id='word_1_233' title='bbox 2190 3484 2363 3548; x_wconf 75' lang='lat' dir='ltr'><strong>Alius,</strong></span> 
     </span>
    </p>
   </div>
   <div class='ocr_carea' id='block_1_77' title="bbox 1325 3546 1851 3618">
    <p class='ocr_par' dir='ltr' id='par_1_77' title="bbox 1325 3546 1851 3618">
     <span class='ocr_line' id='line_1_79' title="bbox 1325 3546 1851 3618; baseline 0.011 -19"><span class='ocrx_word' id='word_1_234' title='bbox 1325 3546 1473 3601; x_wconf 82' lang='lat' dir='ltr'><strong>dedit</strong></span> <span class='ocrx_word' id='word_1_235' title='bbox 1503 3550 1750 3618; x_wconf 86' lang='lat' dir='ltr'><strong>requiem</strong></span> <span class='ocrx_word' id='word_1_236' title='bbox 1779 3552 1851 3605; x_wconf 91' lang='lat' dir='ltr'><strong>ei.</strong></span> 
     </span>
    </p>
   </div>
   <div class='ocr_carea' id='block_1_78' title="bbox 1390 3637 2146 3699">
    <p class='ocr_par' dir='ltr' id='par_1_78' title="bbox 1390 3637 2146 3699">
     <span class='ocr_line' id='line_1_80' title="bbox 1390 3637 2146 3699; baseline 0.009 -9"><span class='ocrx_word' id='word_1_237' title='bbox 1390 3638 1443 3691; x_wconf 85' lang='lat'><strong>2.</strong></span> <span class='ocrx_word' id='word_1_238' title='bbox 1490 3637 1549 3693; x_wconf 85' lang='lat' dir='ltr'><strong>In</strong></span> <span class='ocrx_word' id='word_1_239' title='bbox 1580 3641 1762 3696; x_wconf 90' lang='lat' dir='ltr'><strong>medio</strong></span> <span class='ocrx_word' id='word_1_240' title='bbox 1791 3642 2146 3699; x_wconf 85' lang='lat' dir='ltr'><strong>tabernaculi.</strong></span> 
     </span>
    </p>
   </div>
   <div class='ocr_carea' id='block_1_79' title="bbox 1391 3820 2182 3897">
    <p class='ocr_par' dir='ltr' id='par_1_79' title="bbox 1391 3820 2182 3897">
     <span class='ocr_line' id='line_1_81' title="bbox 1391 3820 2182 3897; baseline 0.008 -23"><span class='ocrx_word' id='word_1_241' title='bbox 1391 3820 1425 3874; x_wconf 89' lang='lat'><strong>6</strong></span> <span class='ocrx_word' id='word_1_242' title='bbox 1476 3820 1540 3876; x_wconf 88' lang='lat' dir='ltr'><strong>Et</strong></span> <span class='ocrx_word' id='word_1_243' title='bbox 1562 3838 1712 3878; x_wconf 87' lang='lat' dir='ltr'><strong>eram</strong></span> <span class='ocrx_word' id='word_1_244' title='bbox 1743 3825 2182 3897; x_wconf 79' lang='lat' dir='ltr'><strong>(inambulans).</strong></span> 
     </span>
    </p>
   </div>
   <div class='ocr_carea' id='block_1_80' title="bbox 1391 3911 1731 3969">
    <p class='ocr_par' dir='ltr' id='par_1_80' title="bbox 1391 3911 1731 3969">
     <span class='ocr_line' id='line_1_82' title="bbox 1391 3911 1731 3969; baseline 0.015 -6"><span class='ocrx_word' id='word_1_245' title='bbox 1391 3911 1448 3965; x_wconf 93' lang='lat' dir='ltr'><strong>In</strong></span> <span class='ocrx_word' id='word_1_246' title='bbox 1475 3914 1731 3969; x_wconf 87' lang='lat' dir='ltr'><strong>tentorio.</strong></span> 
     </span>
    </p>
   </div>
   <div class='ocr_carea' id='block_1_81' title="bbox 1388 4003 1831 4059">
    <p class='ocr_par' dir='ltr' id='par_1_81' title="bbox 1388 4003 1831 4059">
     <span class='ocr_line' id='line_1_83' title="bbox 1388 4003 1831 4059; baseline 0.005 -2"><span class='ocrx_word' id='word_1_247' title='bbox 1388 4003 1443 4059; x_wconf 88' lang='lat'><strong>8.</strong></span> <span class='ocrx_word' id='word_1_248' title='bbox 1474 4004 1554 4058; x_wconf 80' lang='lat' dir='ltr'><strong>Ex</strong></span> <span class='ocrx_word' id='word_1_249' title='bbox 1585 4005 1831 4059; x_wconf 87' lang='lat' dir='ltr'><strong>mandra.</strong></span> 
     </span>
    </p>
   </div>
   <div class='ocr_carea' id='block_1_82' title="bbox 1405 4094 1590 4149">
    <p class='ocr_par' dir='ltr' id='par_1_82' title="bbox 1405 4094 1590 4149">
     <span class='ocr_line' id='line_1_84' title="bbox 1405 4094 1590 4149; baseline 0.016 -3"><span class='ocrx_word' id='word_1_250' title='bbox 1405 4094 1590 4149; x_wconf 84' lang='lat' dir='ltr'><strong>Vacat.</strong></span> 
     </span>
    </p>
   </div>
   <div class='ocr_carea' id='block_1_83' title="bbox 1393 4186 2125 4258">
    <p class='ocr_par' dir='ltr' id='par_1_83' title="bbox 1393 4186 2125 4258">
     <span class='ocr_line' id='line_1_85' title="bbox 1393 4186 2125 4258; baseline 0.005 -19"><span class='ocrx_word' id='word_1_251' title='bbox 1393 4187 1481 4241; x_wconf 89' lang='grc'><strong>10.</strong></span> <span class='ocrx_word' id='word_1_252' title='bbox 1516 4186 1582 4241; x_wconf 86' lang='grc' dir='ltr'>Ει</span> <span class='ocrx_word' id='word_1_253' title='bbox 1615 4188 1881 4242; x_wconf 78' lang='lat' dir='ltr'><strong>habitabit</strong></span> <span class='ocrx_word' id='word_1_254' title='bbox 1918 4204 2015 4258; x_wconf 85' lang='lat' dir='ltr'><strong>per</strong></span> <span class='ocrx_word' id='word_1_255' title='bbox 2047 4204 2125 4245; x_wconf 81' lang='lat' dir='ltr'><strong>se.</strong></span> 
     </span>
    </p>
   </div>
   <div class='ocr_carea' id='block_1_84' title="bbox 1394 4276 1807 4333">
    <p class='ocr_par' dir='ltr' id='par_1_84' title="bbox 1394 4276 1807 4333">
     <span class='ocr_line' id='line_1_86' title="bbox 1394 4276 1807 4333; baseline 0.007 -5"><span class='ocrx_word' id='word_1_256' title='bbox 1394 4276 1509 4331; x_wconf 80' lang='lat' dir='ltr'><strong>Erit</strong></span> <span class='ocrx_word' id='word_1_257' title='bbox 1541 4277 1807 4333; x_wconf 86' lang='lat' dir='ltr'><strong>solicitus.</strong></span> 
     </span>
    </p>
   </div>
   <div class='ocr_carea' id='block_1_85' title="bbox 1391 4369 2363 4435">
    <p class='ocr_par' dir='ltr' id='par_1_85' title="bbox 1391 4369 2363 4435">
     <span class='ocr_line' id='line_1_87' title="bbox 1391 4369 2363 4435; baseline 0.003 -13"><span class='ocrx_word' id='word_1_258' title='bbox 1391 4369 1472 4423; x_wconf 80' lang='lat' dir='ltr'><strong>Ad</strong></span> <span class='ocrx_word' id='word_1_259' title='bbox 1526 4370 1921 4424; x_wconf 89' lang='lat' dir='ltr'><strong>bumiliandum</strong></span> <span class='ocrx_word' id='word_1_260' title='bbox 1983 4386 2131 4428; x_wconf 89' lang='lat' dir='ltr'><strong>eum.</strong></span> <span class='ocrx_word' id='word_1_261' title='bbox 2184 4374 2363 4435; x_wconf 73' lang='lat' dir='ltr'><strong>Alius,</strong></span> 
     </span>
    </p>
   </div>
   <div class='ocr_carea' id='block_1_86' title="bbox 1322 4438 2077 4496">
    <p class='ocr_par' dir='ltr' id='par_1_86' title="bbox 1322 4438 2077 4496">
     <span class='ocr_line' id='line_1_88' title="bbox 1322 4438 2077 4496; baseline 0.004 -4"><span class='ocrx_word' id='word_1_262' title='bbox 1322 4438 1388 4492; x_wconf 86' lang='lat' dir='ltr'><strong>ad</strong></span> <span class='ocrx_word' id='word_1_263' title='bbox 1416 4439 1899 4495; x_wconf 78' lang='lat' dir='ltr'><strong>transmovendum</strong></span> <span class='ocrx_word' id='word_1_264' title='bbox 1931 4456 2077 4496; x_wconf 85' lang='lat' dir='ltr'><strong>eum.</strong></span> 
     </span>
    </p>
   </div>
   <div class='ocr_carea' id='block_1_87' title="bbox 1398 4530 1866 4588">
    <p class='ocr_par' dir='ltr' id='par_1_87' title="bbox 1398 4530 1866 4588">
     <span class='ocr_line' id='line_1_89' title="bbox 1398 4530 1866 4588; baseline 0.006 -5"><span class='ocrx_word' id='word_1_265' title='bbox 1398 4531 1483 4584; x_wconf 84' lang='grc'><strong>11.</strong></span> <span class='ocrx_word' id='word_1_266' title='bbox 1529 4530 1866 4588; x_wconf 68' lang='lat' dir='ltr'><strong>Ediﬁcabis.</strong></span> 
     </span>
    </p>
   </div>
   <div class='ocr_carea' id='block_1_88' title="bbox 1396 4621 1975 4680">
    <p class='ocr_par' dir='ltr' id='par_1_88' title="bbox 1396 4621 1975 4680">
     <span class='ocr_line' id='line_1_90' title="bbox 1396 4621 1975 4680; baseline 0.01 -7"><span class='ocrx_word' id='word_1_267' title='bbox 1396 4621 1485 4675; x_wconf 85' lang='grc'><strong>12.</strong></span> <span class='ocrx_word' id='word_1_268' title='bbox 1524 4622 1603 4677; x_wconf 81' lang='lat' dir='ltr'><strong>Ex</strong></span> <span class='ocrx_word' id='word_1_269' title='bbox 1642 4635 1829 4680; x_wconf 85' lang='lat' dir='ltr'><strong>venlre</strong></span> <span class='ocrx_word' id='word_1_270' title='bbox 1860 4633 1975 4679; x_wconf 81' lang='lat' dir='ltr'><strong>tuo.</strong></span> 
     </span>
    </p>
   </div>
   <div class='ocr_carea' id='block_1_89' title="bbox 1395 4712 1715 4783">
    <p class='ocr_par' dir='ltr' id='par_1_89' title="bbox 1395 4712 1715 4783">
     <span class='ocr_line' id='line_1_91' title="bbox 1395 4712 1715 4783; baseline 0.016 -18"><span class='ocrx_word' id='word_1_271' title='bbox 1395 4712 1461 4766; x_wconf 83' lang='lat' dir='ltr'><strong>Et</strong></span> <span class='ocrx_word' id='word_1_272' title='bbox 1490 4715 1715 4783; x_wconf 82' lang='lat' dir='ltr'><strong>parabo.</strong></span> 
     </span>
    </p>
   </div>
   <div class='ocr_carea' id='block_1_90' title="bbox 1396 4809 1833 4882">
    <p class='ocr_par' dir='ltr' id='par_1_90' title="bbox 1396 4809 1833 4882">
     <span class='ocr_line' id='line_1_92' title="bbox 1396 4809 1833 4882; baseline 0.007 -19"><span class='ocrx_word' id='word_1_273' title='bbox 1396 4811 1483 4865; x_wconf 91' lang='grc'><strong>15.</strong></span> <span class='ocrx_word' id='word_1_274' title='bbox 1515 4809 1583 4864; x_wconf 83' lang='lat' dir='ltr'><strong>Et</strong></span> <span class='ocrx_word' id='word_1_275' title='bbox 1609 4811 1833 4882; x_wconf 81' lang='lat' dir='ltr'><strong>erigam.</strong></span> 
     </span>
    </p>
   </div>
   <div class='ocr_carea' id='block_1_91' title="bbox 1395 4902 2369 4978">
    <p class='ocr_par' dir='ltr' id='par_1_91' title="bbox 1395 4902 2369 4978">
     <span class='ocr_line' id='line_1_93' title="bbox 1395 4902 2369 4978; baseline 0.008 -24"><span class='ocrx_word' id='word_1_276' title='bbox 1395 4902 1483 4955; x_wconf 87' lang='grc'><strong>15.</strong></span> <span class='ocrx_word' id='word_1_277' title='bbox 1527 4902 1678 4978; x_wconf 81' lang='lat' dir='ltr'><strong>Sicut</strong></span> <span class='ocrx_word' id='word_1_278' title='bbox 1718 4903 1924 4959; x_wconf 86' lang='lat' dir='ltr'><strong>removi</strong></span> <span class='ocrx_word' id='word_1_279' title='bbox 1964 4905 2033 4961; x_wconf 90' lang='lat' dir='ltr'><strong>ab</strong></span> <span class='ocrx_word' id='word_1_280' title='bbox 2071 4905 2139 4962; x_wconf 89' lang='lat' dir='ltr'><strong>iis</strong></span> <span class='ocrx_word' id='word_1_281' title='bbox 2172 4922 2202 4962; x_wconf 90' lang='lat' dir='ltr'><strong>a</strong></span> <span class='ocrx_word' id='word_1_282' title='bbox 2248 4907 2369 4978; x_wconf 89' lang='lat' dir='ltr'><strong>qui-</strong></span> 
     </span>
    </p>
   </div>
   <div class='ocr_carea' id='block_1_92' title="bbox 1322 4971 1682 5029">
    <p class='ocr_par' dir='ltr' id='par_1_92' title="bbox 1322 4971 1682 5029">
     <span class='ocr_line' id='line_1_94' title="bbox 1322 4971 1682 5029; baseline 0.006 -5"><span class='ocrx_word' id='word_1_283' title='bbox 1322 4971 1426 5025; x_wconf 79' lang='lat' dir='ltr'><strong>bus</strong></span> <span class='ocrx_word' id='word_1_284' title='bbox 1454 4976 1682 5029; x_wconf 69' lang='lat' dir='ltr'><strong>removi.</strong></span> 
     </span>
    </p>
   </div>
   <div class='ocr_carea' id='block_1_93' title="bbox 1395 5062 2362 5137">
    <p class='ocr_par' dir='ltr' id='par_1_93' title="bbox 1395 5062 2362 5137">
     <span class='ocr_line' id='line_1_95' title="bbox 1395 5062 2362 5137; baseline 0.005 -21"><span class='ocrx_word' id='word_1_285' title='bbox 1395 5062 1482 5117; x_wconf 91' lang='grc'><strong>16.</strong></span> <span class='ocrx_word' id='word_1_286' title='bbox 1519 5062 1725 5119; x_wconf 89' lang='lat' dir='ltr'><strong>Domus</strong></span> <span class='ocrx_word' id='word_1_287' title='bbox 1752 5064 1873 5134; x_wconf 86' lang='lat' dir='ltr'><strong>ejus</strong></span> <span class='ocrx_word' id='word_1_288' title='bbox 1891 5074 1945 5120; x_wconf 89' lang='lat' dir='ltr'><strong>et</strong></span> <span class='ocrx_word' id='word_1_289' title='bbox 1971 5081 2197 5137; x_wconf 82' lang='lat' dir='ltr'><strong>regnum</strong></span> <span class='ocrx_word' id='word_1_290' title='bbox 2221 5067 2362 5137; x_wconf 89' lang='lat' dir='ltr'><strong>ejus.</strong></span> 
     </span>
    </p>
   </div>
   <div class='ocr_carea' id='block_1_94' title="bbox 1393 5152 1643 5212">
    <p class='ocr_par' dir='ltr' id='par_1_94' title="bbox 1393 5152 1643 5212">
     <span class='ocr_line' id='line_1_96' title="bbox 1393 5152 1643 5212; baseline 0.024 -6"><span class='ocrx_word' id='word_1_291' title='bbox 1393 5152 1643 5212; x_wconf 85' lang='lat' dir='ltr'><strong>Erectus.</strong></span> 
     </span>
    </p>
   </div>
   <div class='ocr_carea' id='block_1_95' title="bbox 1394 5246 1903 5304">
    <p class='ocr_par' dir='ltr' id='par_1_95' title="bbox 1394 5246 1903 5304">
     <span class='ocr_line' id='line_1_97' title="bbox 1394 5246 1903 5304; baseline 0.012 -6"><span class='ocrx_word' id='word_1_292' title='bbox 1394 5246 1483 5300; x_wconf 86' lang='grc'><strong>18.</strong></span> <span class='ocrx_word' id='word_1_293' title='bbox 1524 5247 1770 5303; x_wconf 78' lang='lat' dir='ltr'><strong>Dilexisti</strong></span> <span class='ocrx_word' id='word_1_294' title='bbox 1796 5264 1903 5304; x_wconf 90' lang='lat' dir='ltr'><strong>me.</strong></span> 
     </span>
    </p>
   </div>
   <div class='ocr_carea' id='block_1_96' title="bbox 1394 5338 2364 5412">
    <p class='ocr_par' dir='ltr' id='par_1_96' title="bbox 1394 5338 2364 5412">
     <span class='ocr_line' id='line_1_98' title="bbox 1394 5338 2364 5412; baseline 0.005 -20"><span class='ocrx_word' id='word_1_295' title='bbox 1394 5339 1480 5393; x_wconf 89' lang='grc'><strong>19.</strong></span> <span class='ocrx_word' id='word_1_296' title='bbox 1521 5340 1590 5412; x_wconf 73' lang='lat' dir='ltr'><strong>Et</strong></span> <span class='ocrx_word' id='word_1_297' title='bbox 1638 5338 1817 5396; x_wconf 80' lang='lat' dir='ltr'><strong>factus</strong></span> <span class='ocrx_word' id='word_1_298' title='bbox 1863 5357 1983 5396; x_wconf 87' lang='lat' dir='ltr'><strong>sum</strong></span> <span class='ocrx_word' id='word_1_299' title='bbox 2034 5357 2234 5411; x_wconf 85' lang='lat' dir='ltr'><strong>parvus</strong></span> <span class='ocrx_word' id='word_1_300' title='bbox 2266 5358 2364 5412; x_wconf 84' lang='lat' dir='ltr'><strong>pa-</strong></span> 
     </span>
    </p>
   </div>
   <div class='ocr_carea' id='block_1_97' title="bbox 1324 5409 2368 5481">
    <p class='ocr_par' dir='ltr' id='par_1_97' title="bbox 1324 5409 2368 5481">
     <span class='ocr_line' id='line_1_99' title="bbox 1324 5409 2368 5481; baseline 0.004 -20"><span class='ocrx_word' id='word_1_301' title='bbox 1324 5425 1466 5463; x_wconf 89' lang='lat' dir='ltr'><strong>rum.</strong></span> <span class='ocrx_word' id='word_1_302' title='bbox 1503 5409 1612 5476; x_wconf 76' lang='lat' dir='ltr'><strong>AL,</strong></span> <span class='ocrx_word' id='word_1_303' title='bbox 1640 5419 1694 5463; x_wconf 84' lang='lat' dir='ltr'><strong>et</strong></span> <span class='ocrx_word' id='word_1_304' title='bbox 1727 5427 1892 5481; x_wconf 87' lang='lat' dir='ltr'><strong>parva</strong></span> <span class='ocrx_word' id='word_1_305' title='bbox 1929 5409 2073 5467; x_wconf 78' lang='lat' dir='ltr'><strong>facta</strong></span> <span class='ocrx_word' id='word_1_306' title='bbox 2100 5422 2228 5468; x_wconf 89' lang='lat' dir='ltr'><strong>sunt</strong></span> <span class='ocrx_word' id='word_1_307' title='bbox 2250 5409 2368 5468; x_wconf 71' lang='lat' dir='ltr'><strong>exi-</strong></span> 
     </span>
    </p>
   </div>
   <div class='ocr_carea' id='block_1_98' title="bbox 1321 5481 1589 5549">
    <p class='ocr_par' dir='ltr' id='par_1_98' title="bbox 1321 5481 1589 5549">
     <span class='ocr_line' id='line_1_100' title="bbox 1321 5481 1589 5549; baseline 0 -18"><span class='ocrx_word' id='word_1_308' title='bbox 1321 5495 1423 5549; x_wconf 82' lang='lat' dir='ltr'><strong>gua</strong></span> <span class='ocrx_word' id='word_1_309' title='bbox 1456 5481 1589 5534; x_wconf 64' lang='lat' dir='ltr'><strong>haec.</strong></span> 
     </span>
    </p>
   </div>
   <div class='ocr_carea' id='block_1_99' title="bbox 1390 5569 2363 5641">
    <p class='ocr_par' dir='ltr' id='par_1_99' title="bbox 1390 5569 2363 5641">
     <span class='ocr_line' id='line_1_101' title="bbox 1390 5569 2363 5641; baseline 0.006 -17"><span class='ocrx_word' id='word_1_310' title='bbox 1390 5571 1479 5625; x_wconf 83' lang='lat'><strong>2|.</strong></span> <span class='ocrx_word' id='word_1_311' title='bbox 1504 5569 1730 5641; x_wconf 85' lang='lat' dir='ltr'><strong>Propter</strong></span> <span class='ocrx_word' id='word_1_312' title='bbox 1754 5588 1969 5627; x_wconf 88' lang='lat' dir='ltr'><strong>servum</strong></span> <span class='ocrx_word' id='word_1_313' title='bbox 1997 5584 2171 5629; x_wconf 84' lang='lat' dir='ltr'><strong>tuum.</strong></span> <span class='ocrx_word' id='word_1_314' title='bbox 2192 5575 2363 5641; x_wconf 70' lang='lat' dir='ltr'><strong>Alius,</strong></span> 
     </span>
    </p>
   </div>
   <div class='ocr_carea' id='block_1_100' title="bbox 1322 5642 2084 5698">
    <p class='ocr_par' dir='ltr' id='par_1_100' title="bbox 1322 5642 2084 5698">
     <span class='ocr_line' id='line_1_102' title="bbox 1322 5642 2084 5698; baseline 0.003 -3"><span class='ocrx_word' id='word_1_315' title='bbox 1322 5642 1621 5695; x_wconf 73' lang='lat' dir='ltr'><strong>secundum</strong></span> <span class='ocrx_word' id='word_1_316' title='bbox 1658 5644 1883 5697; x_wconf 85' lang='lat' dir='ltr'><strong>verbum</strong></span> <span class='ocrx_word' id='word_1_317' title='bbox 1909 5653 2084 5698; x_wconf 89' lang='lat' dir='ltr'><strong>tuum.</strong></span> 
     </span>
    </p>
   </div>
   <div class='ocr_carea' id='block_1_101' title="bbox 1391 5731 2102 5806">
    <p class='ocr_par' dir='ltr' id='par_1_101' title="bbox 1391 5731 2102 5806">
     <span class='ocr_line' id='line_1_103' title="bbox 1391 5731 2102 5806; baseline 0.008 -21"><span class='ocrx_word' id='word_1_318' title='bbox 1391 5732 1483 5785; x_wconf 70' lang='grc'><strong>22.</strong></span> <span class='ocrx_word' id='word_1_319' title='bbox 1518 5731 1585 5787; x_wconf 80' lang='lat' dir='ltr'><strong>Ut</strong></span> <span class='ocrx_word' id='word_1_320' title='bbox 1622 5734 1999 5806; x_wconf 81' lang='lat' dir='ltr'><strong>magniﬁcares</strong></span> <span class='ocrx_word' id='word_1_321' title='bbox 2034 5746 2102 5791; x_wconf 85' lang='lat' dir='ltr'><strong>te.</strong></span> 
     </span>
    </p>
   </div>
   <div class='ocr_carea' id='block_1_102' title="bbox 1395 5824 2055 5897">
    <p class='ocr_par' dir='ltr' id='par_1_102' title="bbox 1395 5824 2055 5897">
     <span class='ocr_line' id='line_1_104' title="bbox 1395 5824 2055 5897; baseline 0.008 -19"><span class='ocrx_word' id='word_1_322' title='bbox 1395 5824 1486 5881; x_wconf 75' lang='lat'><strong>23.</strong></span> <span class='ocrx_word' id='word_1_323' title='bbox 1526 5826 1603 5880; x_wconf 80' lang='lat' dir='ltr'><strong>Ad</strong></span> <span class='ocrx_word' id='word_1_324' title='bbox 1640 5828 1948 5897; x_wconf 87' lang='lat' dir='ltr'><strong>ponendum</strong></span> <span class='ocrx_word' id='word_1_325' title='bbox 1982 5838 2055 5885; x_wconf 80' lang='lat' dir='ltr'><strong>te.</strong></span> 
     </span>
    </p>
   </div>
   <div class='ocr_carea' id='block_1_103' title="bbox 3402 384 3476 443">
    <p class='ocr_par' dir='ltr' id='par_1_103' title="bbox 3402 384 3476 443">
     <span class='ocr_line' id='line_1_105' title="bbox 3402 384 3476 443; baseline 0 0"><span class='ocrx_word' id='word_1_326' title='bbox 3402 384 3476 443; x_wconf 70' lang='lat'><strong>50</strong></span> 
     </span>
    </p>
   </div>
   <div class='ocr_carea' id='block_1_104' title="bbox 2757 623 3162 681">
    <p class='ocr_par' dir='ltr' id='par_1_104' title="bbox 2757 623 3162 681">
     <span class='ocr_line' id='line_1_106' title="bbox 2757 623 3162 681; baseline 0.005 -2"><span class='ocrx_word' id='word_1_327' title='bbox 2757 623 3162 681; x_wconf 72' lang='lat' dir='ltr'><strong>GEOAOTIQN.</strong></span> 
     </span>
    </p>
   </div>
   <div class='ocr_carea' id='block_1_105' title="bbox 2510 782 2573 1165">
    <p class='ocr_par' dir='ltr' id='par_1_105' title="bbox 2510 782 2573 1165">
     <span class='ocr_line' id='line_1_107' title="bbox 2517 782 2573 840; baseline 0.054 -3"><span class='ocrx_word' id='word_1_328' title='bbox 2517 782 2573 840; x_wconf 89' lang='grc'><strong>1.</strong></span> 
     </span>
     <span class='ocr_line' id='line_1_108' title="bbox 2511 945 2566 1001; baseline 0.036 -2"><span class='ocrx_word' id='word_1_329' title='bbox 2511 945 2566 1001; x_wconf 77' lang='grc'><strong>2.</strong></span> 
     </span>
     <span class='ocr_line' id='line_1_109' title="bbox 2510 1109 2563 1165; baseline 0 -2"><span class='ocrx_word' id='word_1_330' title='bbox 2510 1109 2563 1165; x_wconf 83' lang='grc'><strong>6.</strong></span> 
     </span>
    </p>
   </div>
   <div class='ocr_carea' id='block_1_106' title="bbox 2514 1471 2602 1529">
    <p class='ocr_par' dir='ltr' id='par_1_106' title="bbox 2514 1471 2602 1529">
     <span class='ocr_line' id='line_1_110' title="bbox 2514 1471 2602 1529; baseline 0.023 -2"><span class='ocrx_word' id='word_1_331' title='bbox 2514 1471 2602 1529; x_wconf 86' lang='grc'><strong>10.</strong></span> 
     </span>
    </p>
   </div>
   <div class='ocr_carea' id='block_1_107' title="bbox 2525 1978 2608 2032">
    <p class='ocr_par' dir='ltr' id='par_1_107' title="bbox 2525 1978 2608 2032">
     <span class='ocr_line' id='line_1_111' title="bbox 2525 1978 2608 2032; baseline 0.012 -1"><span class='ocrx_word' id='word_1_332' title='bbox 2525 1978 2608 2032; x_wconf 83' lang='lat' dir='ltr'><strong>l2.</strong></span> 
     </span>
    </p>
   </div>
   <div class='ocr_carea' id='block_1_108' title="bbox 2518 2166 2604 2220">
    <p class='ocr_par' dir='ltr' id='par_1_108' title="bbox 2518 2166 2604 2220">
     <span class='ocr_line' id='line_1_112' title="bbox 2518 2166 2604 2220; baseline -0.012 0"><span class='ocrx_word' id='word_1_333' title='bbox 2518 2166 2604 2220; x_wconf 78' lang='grc'><strong>15.</strong></span> 
     </span>
    </p>
   </div>
   <div class='ocr_carea' id='block_1_109' title="bbox 2515 2254 2599 2309">
    <p class='ocr_par' dir='ltr' id='par_1_109' title="bbox 2515 2254 2599 2309">
     <span class='ocr_line' id='line_1_113' title="bbox 2515 2254 2599 2309; baseline 0.012 -1"><span class='ocrx_word' id='word_1_334' title='bbox 2515 2254 2599 2309; x_wconf 82' lang='grc'><strong>15.</strong></span> 
     </span>
    </p>
   </div>
   <div class='ocr_carea' id='block_1_110' title="bbox 2512 2413 3488 2491">
    <p class='ocr_par' dir='ltr' id='par_1_110' title="bbox 2512 2413 3488 2491">
     <span class='ocr_line' id='line_1_114' title="bbox 2512 2413 3488 2491; baseline 0.005 -19"><span class='ocrx_word' id='word_1_335' title='bbox 2512 2418 2601 2473; x_wconf 87' lang='grc'><strong>16.</strong></span> <span class='ocrx_word' id='word_1_336' title='bbox 2640 2416 2701 2472; x_wconf 76' lang='grc' dir='ltr'>ὐ</span> <span class='ocrx_word' id='word_1_337' title='bbox 2724 2413 2869 2483; x_wconf 74' lang='grc' dir='ltr'>οἶκός</span> <span class='ocrx_word' id='word_1_338' title='bbox 2894 2435 3010 2483; x_wconf 81' lang='grc' dir='ltr'>σου,</span> <span class='ocrx_word' id='word_1_339' title='bbox 3055 2421 3149 2474; x_wconf 64' lang='grc' dir='ltr'>καὶ</span> <span class='ocrx_word' id='word_1_340' title='bbox 3178 2419 3217 2491; x_wconf 67' lang='grc' dir='ltr'><strong>ἡ</strong></span> <span class='ocrx_word' id='word_1_341' title='bbox 3238 2414 3488 2490; x_wconf 69' lang='grc' dir='ltr'>βασιλεία</span> 
     </span>
    </p>
   </div>
   <div class='ocr_carea' id='block_1_111' title="bbox 2441 2506 2556 2545">
    <p class='ocr_par' dir='ltr' id='par_1_111' title="bbox 2441 2506 2556 2545">
     <span class='ocr_line' id='line_1_115' title="bbox 2441 2506 2556 2545; baseline 0.017 -3"><span class='ocrx_word' id='word_1_342' title='bbox 2441 2506 2556 2545; x_wconf 86' lang='grc' dir='ltr'>σου.</span> 
     </span>
    </p>
   </div>
   <div class='ocr_carea' id='block_1_112' title="bbox 2516 2673 2605 2729">
    <p class='ocr_par' dir='ltr' id='par_1_112' title="bbox 2516 2673 2605 2729">
     <span class='ocr_line' id='line_1_116' title="bbox 2516 2673 2605 2729; baseline -0.022 0"><span class='ocrx_word' id='word_1_343' title='bbox 2516 2673 2605 2729; x_wconf 91' lang='grc'><strong>18.</strong></span> 
     </span>
    </p>
   </div>
   <div class='ocr_carea' id='block_1_113' title="bbox 2513 2766 2600 2820">
    <p class='ocr_par' dir='ltr' id='par_1_113' title="bbox 2513 2766 2600 2820">
     <span class='ocr_line' id='line_1_117' title="bbox 2513 2766 2600 2820; baseline 0 0"><span class='ocrx_word' id='word_1_344' title='bbox 2513 2766 2600 2820; x_wconf 82' lang='grc'><strong>19.</strong></span> 
     </span>
    </p>
   </div>
   <div class='ocr_carea' id='block_1_114' title="bbox 2511 2998 2604 3054">
    <p class='ocr_par' dir='ltr' id='par_1_114' title="bbox 2511 2998 2604 3054">
     <span class='ocr_line' id='line_1_118' title="bbox 2511 2998 2604 3054; baseline 0.022 -2"><span class='ocrx_word' id='word_1_345' title='bbox 2511 2998 2604 3054; x_wconf 74' lang='lat'><strong>2!.</strong></span> 
     </span>
    </p>
   </div>
   <div class='ocr_carea' id='block_1_115' title="bbox 2516 3160 2607 3215">
    <p class='ocr_par' dir='ltr' id='par_1_115' title="bbox 2516 3160 2607 3215">
     <span class='ocr_line' id='line_1_119' title="bbox 2516 3160 2607 3215; baseline 0 0"><span class='ocrx_word' id='word_1_346' title='bbox 2516 3160 2607 3215; x_wconf 89' lang='lat'><strong>22.</strong></span> 
     </span>
    </p>
   </div>
   <div class='ocr_carea' id='block_1_116' title="bbox 2518 3252 2608 3307">
    <p class='ocr_par' dir='ltr' id='par_1_116' title="bbox 2518 3252 2608 3307">
     <span class='ocr_line' id='line_1_120' title="bbox 2518 3252 2608 3307; baseline -0.011 0"><span class='ocrx_word' id='word_1_347' title='bbox 2518 3252 2608 3307; x_wconf 72' lang='lat'><strong>2’5.</strong></span> 
     </span>
    </p>
   </div>
   <div class='ocr_carea' id='block_1_117' title="bbox 2761 3367 3179 3427">
    <p class='ocr_par' dir='ltr' id='par_1_117' title="bbox 2761 3367 3179 3427">
     <span class='ocr_line' id='line_1_121' title="bbox 2761 3367 3179 3427; baseline 0.01 -4"><span class='ocrx_word' id='word_1_348' title='bbox 2761 3367 3179 3427; x_wconf 80' lang='lat' dir='ltr'><strong>THEODOTIO.</strong></span> 
     </span>
    </p>
   </div>
   <div class='ocr_carea' id='block_1_118' title="bbox 2508 3643 2565 3700">
    <p class='ocr_par' dir='ltr' id='par_1_118' title="bbox 2508 3643 2565 3700">
     <span class='ocr_line' id='line_1_122' title="bbox 2508 3643 2565 3700; baseline 0.07 -4"><span class='ocrx_word' id='word_1_349' title='bbox 2508 3643 2565 3700; x_wconf 88' lang='lat'><strong>2.</strong></span> 
     </span>
    </p>
   </div>
   <div class='ocr_carea' id='block_1_119' title="bbox 2507 4009 2562 4066">
    <p class='ocr_par' dir='ltr' id='par_1_119' title="bbox 2507 4009 2562 4066">
     <span class='ocr_line' id='line_1_123' title="bbox 2507 4009 2562 4066; baseline 0.018 -1"><span class='ocrx_word' id='word_1_350' title='bbox 2507 4009 2562 4066; x_wconf 83' lang='lat'><strong>8.</strong></span> 
     </span>
    </p>
   </div>
   <div class='ocr_carea' id='block_1_120' title="bbox 2508 4190 2598 4248">
    <p class='ocr_par' dir='ltr' id='par_1_120' title="bbox 2508 4190 2598 4248">
     <span class='ocr_line' id='line_1_124' title="bbox 2508 4190 2598 4248; baseline 0.033 -3"><span class='ocrx_word' id='word_1_351' title='bbox 2508 4190 2598 4248; x_wconf 76' lang='grc' dir='ltr'>ιο.</span> 
     </span>
    </p>
   </div>
   <div class='ocr_carea' id='block_1_121' title="bbox 2515 4537 2604 4592">
    <p class='ocr_par' dir='ltr' id='par_1_121' title="bbox 2515 4537 2604 4592">
     <span class='ocr_line' id='line_1_125' title="bbox 2515 4537 2604 4592; baseline -0.011 0"><span class='ocrx_word' id='word_1_352' title='bbox 2515 4537 2604 4592; x_wconf 85' lang='grc'><strong>11.</strong></span> 
     </span>
    </p>
   </div>
   <div class='ocr_carea' id='block_1_122' title="bbox 2513 4628 2599 4684">
    <p class='ocr_par' dir='ltr' id='par_1_122' title="bbox 2513 4628 2599 4684">
     <span class='ocr_line' id='line_1_126' title="bbox 2513 4628 2599 4684; baseline 0 -1"><span class='ocrx_word' id='word_1_353' title='bbox 2513 4628 2599 4684; x_wconf 87' lang='grc'><strong>12.</strong></span> 
     </span>
    </p>
   </div>
   <div class='ocr_carea' id='block_1_123' title="bbox 2512 4810 2606 4867">
    <p class='ocr_par' dir='ltr' id='par_1_123' title="bbox 2512 4810 2606 4867">
     <span class='ocr_line' id='line_1_127' title="bbox 2512 4810 2606 4867; baseline 0.043 -5"><span class='ocrx_word' id='word_1_354' title='bbox 2512 4810 2606 4867; x_wconf 80' lang='grc'><strong>15.</strong></span> 
     </span>
    </p>
   </div>
   <div class='ocr_carea' id='block_1_124' title="bbox 2517 4900 2602 4955">
    <p class='ocr_par' dir='ltr' id='par_1_124' title="bbox 2517 4900 2602 4955">
     <span class='ocr_line' id='line_1_128' title="bbox 2517 4900 2602 4955; baseline 0.024 -2"><span class='ocrx_word' id='word_1_355' title='bbox 2517 4900 2602 4955; x_wconf 83' lang='grc'><strong>15.</strong></span> 
     </span>
    </p>
   </div>
   <div class='ocr_carea' id='block_1_125' title="bbox 2517 5058 3485 5133">
    <p class='ocr_par' dir='ltr' id='par_1_125' title="bbox 2517 5058 3485 5133">
     <span class='ocr_line' id='line_1_129' title="bbox 2517 5058 3485 5133; baseline 0.004 -18"><span class='ocrx_word' id='word_1_356' title='bbox 2517 5061 2603 5117; x_wconf 87' lang='grc'><strong>16.</strong></span> <span class='ocrx_word' id='word_1_357' title='bbox 2633 5058 2835 5118; x_wconf 76' lang='lat' dir='ltr'><strong>Domus</strong></span> <span class='ocrx_word' id='word_1_358' title='bbox 2859 5069 2952 5117; x_wconf 85' lang='lat' dir='ltr'><strong>tua</strong></span> <span class='ocrx_word' id='word_1_359' title='bbox 2978 5071 3030 5118; x_wconf 81' lang='lat' dir='ltr'><strong>et</strong></span> <span class='ocrx_word' id='word_1_360' title='bbox 3050 5074 3280 5133; x_wconf 77' lang='lat' dir='ltr'><strong>regnum</strong></span> <span class='ocrx_word' id='word_1_361' title='bbox 3305 5069 3485 5119; x_wconf 82' lang='lat' dir='ltr'><strong>tuum.</strong></span> 
     </span>
    </p>
   </div>
   <div class='ocr_carea' id='block_1_126' title="bbox 2513 5247 2597 5304">
    <p class='ocr_par' dir='ltr' id='par_1_126' title="bbox 2513 5247 2597 5304">
     <span class='ocr_line' id='line_1_130' title="bbox 2513 5247 2597 5304; baseline 0.06 -6"><span class='ocrx_word' id='word_1_362' title='bbox 2513 5247 2597 5304; x_wconf 83' lang='grc'><strong>18.</strong></span> 
     </span>
    </p>
   </div>
   <div class='ocr_carea' id='block_1_127' title="bbox 2515 5342 2599 5395">
    <p class='ocr_par' dir='ltr' id='par_1_127' title="bbox 2515 5342 2599 5395">
     <span class='ocr_line' id='line_1_131' title="bbox 2515 5342 2599 5395; baseline 0.024 -2"><span class='ocrx_word' id='word_1_363' title='bbox 2515 5342 2599 5395; x_wconf 85' lang='grc'><strong>19.</strong></span> 
     </span>
    </p>
   </div>
   <div class='ocr_carea' id='block_1_128' title="bbox 2507 5573 2595 5628">
    <p class='ocr_par' dir='ltr' id='par_1_128' title="bbox 2507 5573 2595 5628">
     <span class='ocr_line' id='line_1_132' title="bbox 2507 5573 2595 5628; baseline 0.023 -2"><span class='ocrx_word' id='word_1_364' title='bbox 2507 5573 2595 5628; x_wconf 83' lang='lat'><strong>2|.</strong></span> 
     </span>
    </p>
   </div>
   <div class='ocr_carea' id='block_1_129' title="bbox 2513 5733 2604 5787">
    <p class='ocr_par' dir='ltr' id='par_1_129' title="bbox 2513 5733 2604 5787">
     <span class='ocr_line' id='line_1_133' title="bbox 2513 5733 2604 5787; baseline 0 0"><span class='ocrx_word' id='word_1_365' title='bbox 2513 5733 2604 5787; x_wconf 82' lang='lat'><strong>22.</strong></span> 
     </span>
    </p>
   </div>
   <div class='ocr_carea' id='block_1_130' title="bbox 2514 5826 2603 5881">
    <p class='ocr_par' dir='ltr' id='par_1_130' title="bbox 2514 5826 2603 5881">
     <span class='ocr_line' id='line_1_134' title="bbox 2514 5826 2603 5881; baseline 0.011 -1"><span class='ocrx_word' id='word_1_366' title='bbox 2514 5826 2603 5881; x_wconf 83' lang='grc'><strong>25.</strong></span> 
     </span>
    </p>
   </div>
  </div>
