3868 6214
112 396 212 456 161

110 514 283 572 αὐτοῦ
304 532 322 549 ⁸
356 517 452 572 καὶ
486 516 773 589 περιέσχεν
800 517 933 570 αὐτὸ
969 515 1179 588 χρυσίῳ
1208 515 1707 585 συγκεκλεισμένῳ.

114 606 315 669 Ἀλλ..
345 607 442 659 καὶ
496 606 850 676 περιεπήλισε
898 604 1156 674 Σαλομῶν
1196 604 1285 657 τὸν
1308 599 1452 656 οἷκον
1502 600 1710 656 ἔνδοθεν

109 704 328 776 χρυσίῳ
359 703 721 774 ἁποκλείστῳ,
752 704 848 756 καὶ
876 703 1199 773 παρήγαγεν
1234 702 1292 754 ὲν
1345 699 1708 771 καθηλώμασι

110 796 344 868 χρυσίου
383 794 527 849 κατὰ
559 796 848 866 πρόσωπον
872 794 965 848 τοῦ
999 792 1219 864 Δαὸείρ.

1265 395 1392 450 LIB.
1436 393 1502 448 ιιι
1541 392 1780 447 REGUM
1822 392 2050 447 CAPUT
2096 393 2203 451 ΥΠ.

3300 403 3404 459 l6?-

1815 515 2181 585 quadraginta
2218 516 2531 572 cubitorum
2570 526 2688 573 erat
2741 519 2926 589 ipsum
2984 521 3248 591 templum
3300 536 3403 591 pro

1822 606 2035 661 foribus
2069 607 2300 663 oraculi.
2330 607 2395 662 Et
2428 610 2594 664 cedro
2622 611 2805 666 omnis
2834 613 3030 668 domus
3063 614 3402 670 intrinsecus

1815 700 2153 753 vestiebatur
2178 740 2192 763 ,
2252 700 2460 755 habens
2497 711 2812 757 tornaturas
2845 713 2898 757 et
2926 704 3217 773 juncturas
3266 716 3399 759 suas

1809 790 2160 855 fabrefactas,
2197 801 2253 845 et
2278 793 2563 846 caelaturas
2611 794 2914 848 eminentes
2955 812 2969 849 :
3005 794 3189 848 omnia
3230 791 3402 848 cedri-

1811 883 1899 936 nis
1926 882 2128 937 tabulis
2155 883 2566 938 vestiebantur:
2603 899 2705 937 nec
2728 885 2953 937 omnino
2973 884 3111 952 lapis
3132 898 3401 953 apparere

111 985 334 1046 poterat
366 979 422 1034 in
459 980 687 1049 pariete.
722 975 1014 1033 Oraculum
1048 984 1231 1031 autem
1284 976 1338 1030 in
1370 974 1550 1031 medio
1602 974 1827 1038 domus,
1875 974 1929 1028 in
1968 974 2232 1029 interiore
2267 986 2419 1043 parte
2451 973 2677 1042 fecerat,
2709 986 2768 1031 ut
2815 988 3040 1045 poneret
3091 977 3161 1030 ibi
3215 991 3399 1031 arcam

114 1072 347 1129 fuederis
380 1071 615 1126 Domini.
666 1070 837 1124 Porro
878 1069 1163 1123 oraculum
1206 1068 1443 1121 habebat
1497 1067 1688 1135 viginti
1740 1065 1957 1120 cubitos
2006 1065 2386 1134 longitudinis,
2449 1073 2504 1119 ct
2555 1066 2749 1135 viginti
2808 1066 3023 1122 cubitos
3076 1066 3399 1130 latitudinis,

113 1180 168 1226 et
203 1169 409 1240 viginti
432 1168 647 1223 cubitus
675 1165 1014 1221 altitudinis:
1069 1175 1124 1220 et
1163 1164 1377 1233 operuit
1411 1163 1543 1217 illud
1570 1172 1734 1232 atque
1770 1161 1991 1216 vestivit
2042 1176 2177 1215 auro
2228 1160 2552 1231 purissimo.

111 1310 383 1365 bitorum.
424 1307 596 1361 LXX.
628 1308 776 1362 Duos
807 1307 1089 1362 cherubim
1124 1306 1314 1361 decem
1364 1306 1701 1360 cubitorum.
1738 1304 1910 1367 Alius,
1963 1302 2103 1356 duos
2148 1302 2431 1357 cherubim
2474 1318 2541 1357 ex
2608 1303 2773 1372 lignis
2816 1302 3154 1376 cypressinis
3200 1302 3391 1359 decem

114 1408 456 1466 cubitorum.
501 1405 654 1475 Vulg.
697 1405 846 1459 Duos
881 1404 1166 1459 cherubim
1198 1405 1265 1459 de
1314 1405 1480 1474 lignis
1524 1403 1793 1456 olivarum
1822 1401 2012 1456 decem
2044 1399 2359 1454 cubitorum
2391 1399 2718 1455 altitudinis.

112 1545 511 1617 κεκολαμμένα
542 1544 809 1615 χερουδὶμ
832 1583 846 1606 ,
880 1544 976 1597 καὶ
1029 1543 1300 1613 φοίνικας,
1344 1541 1553 1594 πέταλα
1588 1541 1707 1595 δια-

111 1636 531 1706 πεπετασμένα.
556 1635 665 1686 Καὶ
698 1637 952 1705 περιέσχε
986 1635 1215 1704 χρυσίῳ.
1254 1632 1365 1685 Καὶ
1392 1631 1709 1684 κατέϐαινεν

111 1729 302 1783 intra
331 1726 621 1799 χερουὸὶμ,
658 1725 753 1779 καὶ
789 1725 882 1778 ἐπὶ
912 1727 1039 1788 τοὺς
1079 1724 1329 1793 φοίνικας
1378 1722 1438 1775 τὺ
1466 1722 1709 1792 χρυσίον.

110 1822 225 1877 Καὶ
258 1822 435 1883 οὕτως
468 1819 693 1889 ἐποίησε
722 1817 799 1887 τῷ
822 1816 1026 1870 πυλῶνι
1056 1816 1151 1869 τοῦ
1175 1814 1301 1869 ναοῦ
1319 1830 1330 1845 ·
1371 1814 1521 1885 (pltat
1547 1812 1716 1879 ξύλων

110 1912 411 1983 ἀρκεύθου.

1815 1537 2045 1591 obduxit
2070 1552 2225 1591 auro.
2270 1536 2336 1590 Et
2367 1537 2647 1591 descendit
2684 1552 2849 1606 super
2893 1537 3176 1590 cherubim
3208 1546 3262 1592 et
3301 1553 3399 1593 su-

1819 1644 1916 1698 per
1955 1629 2167 1698 palmas
2196 1644 2415 1682 aurum.
2469 1627 2534 1682 Et
2574 1632 2653 1682 sic
2700 1628 2827 1681 fecit
2866 1630 3007 1682 ostio
3038 1631 3223 1698 templi
3254 1649 3263 1681 :
3298 1645 3398 1699 po-

1823 1729 1934 1775 stes
1973 1720 2246 1791 lignorum
2295 1720 2556 1788 juniperi.
2618 1718 2774 1789 Vulg.
2827 1720 3128 1790 Postesquc
3171 1722 3400 1792 angulo-

1826 1829 1950 1869 rum
1980 1814 2245 1883 quinque.
2286 1811 2349 1865 Et
2377 1813 2486 1867 duo
2525 1813 2665 1867 ostia
2704 1815 2771 1867 de
2796 1814 2960 1884 lignis
3000 1815 3305 1869 olivarum:
3344 1823 3401 1869 et.

1819 1905 2052 1974 sculpsit
2078 1904 2134 1957 in
2171 1905 2253 1958 eis
2314 1905 2583 1973 picturam
2631 1906 2938 1970 cherubim,
2994 1916 3050 1962 ct
3092 1907 3396 1975 palmarum

112 2008 349 2077 species,
392 2015 446 2061 et
472 2005 780 2076 anaglypha
828 2002 986 2057 valde
1016 2002 1420 2071 prominentia:
1468 2009 1523 2055 et
1578 2001 1709 2054 texit
1748 2016 1810 2056 ea
1864 2016 2033 2054 auro:
2075 2008 2131 2054 et
2191 2001 2407 2069 operuit
2463 2009 2572 2055 tam
2623 2003 2905 2057 cherubim
2950 2018 3112 2072 quam
3163 2004 3395 2073 palmas,

110 2114 165 2159 et
190 2112 415 2169 caetera,
451 2117 609 2157 auro.
643 2099 903 2169 Fecitque
949 2098 1004 2151 in
1038 2098 1262 2152 introitu
1304 2097 1488 2167 templi
1522 2106 1706 2165 postes
1744 2096 1812 2151 de
1832 2096 1996 2166 lignis
2026 2095 2319 2150 olivarum.

824 2250 1001 2309 Notte
1032 2253 1093 2307 et
1126 2246 1317 2307 variae
1380 2245 1685 2305 lectiones
1717 2243 1795 2305 ad
1827 2260 1964 2320 cap.
2012 2245 2094 2305 Vl
2128 2242 2241 2303 lib.
2280 2242 2367 2303 ll!
2423 2244 2699 2319 Regum.

110 2352 178 2405 ad
204 2349 383 2405 David
411 2356 619 2418 patrem
653 2356 850 2418 tuum:
889 2355 943 2400 et
984 2346 1243 2400 habitabo
1273 2346 1326 2398 in
1361 2347 1539 2418 medio
1565 2346 1708 2400 ﬁlio-

112 2439 236 2475 rum
295 2417 500 2480 Israel,
551 2428 606 2472 et
652 2434 760 2470 non
794 2417 1168 2485 derelinquam
1214 2417 1473 2482 populum
1523 2432 1707 2470 meum

112 2491 303 2546 Israel.
358 2489 428 2542 In
464 2490 777 2557 quibusdam
813 2488 977 2553 igitur
1018 2485 1405 2557 egemplaribus
1458 2486 1567 2538 lucc
1607 2503 1709 2538 non

112 2571 353 2623 astant,
393 2555 532 2629 quia,
577 2569 725 2627 puto,
756 2566 992 2611 secutum
1034 2555 1417 2610 Tlteodoretum
1458 2556 1569 2610 haec
1607 2573 1712 2611 nou

112 2634 382 2701 posuisse.

184 2722 369 2791 Hujus
400 2730 541 2776 nota:
587 2720 748 2775 lectio
792 2716 1182 2788 Hexaplorum,
1226 2733 1421 2789 parum
1467 2718 1704 2774 differta

114 2808 428 2862 superiore.

185 2882 255 2938 ν.
286 2885 380 2938 15.
418 2884 480 2935 Οἱ
518 2882 595 2945 Γ’,
622 2880 732 2944 ἕως
757 2880 852 2933 τοῦ
900 2880 1072 2935 οἴκου.
1124 2877 1214 2934 Sic
1243 2878 1617 2935 Coislinianus
1652 2882 1703 2935 2.

117 2952 244 3008 11πο
276 2969 434 3016 vero,
462 2967 670 3026 necnon
700 2952 987 3026 lectio‘cdw
1016 2951 1221 3026 0’,_E_to;
1252 2950 1360 3026 τῶν
1397 2949 1590 3010 δοκῶν,
1615 2953 1708 3020 qui

115 3026 395 3101 quadrare
423 3025 633 3094 possint
659 3022 727 3076 ad
751 3022 1042 3077 lectionem
1070 3020 1390 3075 llebraicain
1423 3028 1563 3101 tam
1596 3039 1703 3077 non

114 3097 294 3150 video.

186 3186 254 3240 ν.
292 3186 384 3242 16.
429 3188 546 3252 ⁹Α.,
595 3188 679 3248 Σ.,
722 3189 815 3240 καὶ
864 3185 1052 3255 ᾡκοδ-.
1090 3182 1372 3239 Lectiones
1402 3183 1610 3253 Aquila:
1657 3194 1712 3240 et

119 3258 336 3329 Symm.
370 3258 607 3328 itemque
636 3258 1049 3319 Theodotionis,
1081 3270 1147 3309 ex
1181 3258 1370 3309 eodem
1415 3256 1643 3309 Coislin.
1674 3258 1710 3309 2

156 3330 415 3383 redeunt.

116 3345 415 3399 proueunt.

144 3463 169 3469 _
192 3398 256 3451 ν.
296 3398 466 3452 17-20
499 3399 577 3451 ’A.
600 3437 614 3459 ,
652 3399 740 3461 6.,
782 3400 875 3451 καὶ
904 3395 1314 3469 τεσσαράκοντα
1358 3396 1548 3465 πηχῶν
1580 3396 1647 3469 ἦν
1681 3398 1710 3449 ὁ

115 3463 266 3532 οἶκος
296 3481 405 3523 etc.
443 3469 517 3521 Ita
569 3469 798 3523 Drusius
842 3484 908 3523 ex
944 3463 1198 3520 editionis
1248 3463 1509 3520 Romana:
1542 3463 1705 3524 notis.

115 3548 253 3597 1731
326 3540 982 3609 χρηματιστήριονηδίο
1013 3536 1209 3609 Aquila
1253 3546 1305 3589 ct
1349 3532 1710 3605 Symmachus

114 3607 580 3663 vertunt'l'salm.
635 3607 803 3667 x'iivu.
838 3608 891 3661 2.
932 3607 1340 3675 Γλωσσόκομον,
1382 3610 1584 3675 Aquila
1633 3610 1707 3663 ita

115 3689 336 3733 vertere
383 3680 523 3734 solet
569 3694 755 3733 vocem
789 3689 932 3747 TPN.
962 3678 1040 3747 Τῇ
1074 3674 1346 3746 εὐσχολίᾳ,
1377 3674 1626 3744 Drusius,
1654 3681 1710 3732 in

118 3752 217 3804 atii
247 3749 607 3803 abundantia.
632 3748 702 3803 Et
730 3747 806 3804 de'
837 3748 1068 3803 lectione
1099 3747 1305 3809 Graeca,
1334 3755 1387 3799 et
1414 3747 1479 3801 de
1506 3751 1710 3804 versio-

118 3820 207 3874 nis
238 3820 820 3879 accurationedubius
848 3834 991 3873 sum.
1019 3816 1203 3871 Lectio
1240 3818 1451 3884 Aquilae
1478 3820 1709 3874 habetur

120 3890 252 3943 item
291 3892 348 3944 in
379 3889 719 3944 Coisliniano
750 3889 805 3953 2,
842 3889 934 3942 ubi
960 3888 1154 3958 legitur
1180 3889 1237 3958 ὲν
1272 3888 1438 3957 πήχει
1481 3906 1577 3958 pro
1608 3908 1711 3958 πη-

121 3960 264 4030 χῶν,
291 3962 461 4031 et_bis
485 3959 676 4031 κέδρος
699 4000 713 4021 ,
742 3959 837 4031 ubi
866 3956 1168 4031 notm’cdit.
1204 3956 1361 4010 lieni.
1395 3956 1593 4031 habent
1617 3956 1707 4013 κέ-

123 4027 278 4101 δρου.
328 4029 439 4101 ,Ηὶο
484 4027 611 4084 vero
677 4027 1700 4101 Coisliniauiﬂlectionem_retinemus.

122 4096 447 4172 Symmachi
482 4101 611 4156 item
639 4100 798 4155 lectio
828 4114 953 4153 cum
985 4096 1275 4166 llexaplari
1303 4096 1411 4149 τῶν
1440 4101 1493 4151 0'
1523 4116 1589 4154 ex
1612 4117 1706 4156 eo-

1810 2343 1934 2413 dem
1969 2340 2308 2413 Qeisliniano
2344 2344 2543 2413 prodit.

1883 2412 1939 2464 lu
1971 2412 2199 2466 Coislin.
2250 2416 2285 2467 2
2334 2412 2399 2468 ad
2432 2430 2618 2469 vocem
2668 2415 2777 2468 ἔσω
2824 2425 3138 2479 annotatur,
3186 2418 3245 2470 ἕν
3287 2437 3398 2473 τισι

1814 2481 1919 2555 τῶν
1947 2482 2131 2555 ἁπλῶν
2174 2485 2542 2553 ἀντιγράφων,
2569 2485 2643 2547 ὡς
2674 2487 2986 2555 γέγραπται
3043 2487 3151 2541 ἔσω
3195 2492 3396 2553 κεῖται,

1810 2554 1904 2605 καὶ
1933 2556 1989 2605 ἐν
2013 2553 2222 2616 τούτοις
2246 2592 2259 2611 .
2288 2556 2382 2606 καὶ
2411 2557 2467 2606 ὲν
2494 2558 2603 2617 τοῖς
2628 2556 2758 2609 ἄνω.

1883 2624 2020 2698 lbid.
2050 2625 2160 2675 Kal.
2187 2624 2442 2693 ἐποίησεν
2495 2626 2560 2676 ἐκ
2606 2626 2700 2678 τοῦ
2745 2626 2935 2698 Δαϐίρ.
2971 2626 3195 2685 Coislin.
3226 2630 3395 2695 addit,

1809 2693 1900 2746 τὸν
1934 2696 2134 2762 τοῖχον,
2164 2710 2315 2747 muru
2326 2711 2374 2746 m

1882 2762 1945 2816 Υ.
2139 2765 2278 2836 Καὶ-
2300 2770 2350 2836 μ’
2400 2758 2469 2834 ἦν
2524 2765 2740 2836 πήχεων
2784 2776 2889 2822 etc.
2948 2766 3025 2821 Ita
3074 2768 3176 2825 fert
3220 2779 3399 2825 textus

1818 2833 2208 2903 chaplorum.
2240 2833 2380 2887 Edit.
2421 2833 2598 2903 autem
2626 2833 2807 2890 illum.
2847 2838 3019 2891 multo
3054 2842 3231 2896 aliter.
3290 2843 3400 2895 Kal.

1811 2900 2219 2982 τεσσαρακοντα
2266 2906 2482 2982 ςπήχεων
2524 2900 2592 2982 ἦν
2637 2907 2665 2957 ὁ
2703 2907 2852 2982 ναός.
2907 2908 3062 2960 Κατὰ
3109 2911 3400 2982 πρόσωπον

1809 2975 1901 3051 eo?
1934 2975 2103 3051 Δαϐὶρ
2126 2976 2182 3051 ἐν
2208 2974 2362 3051 Δμέσῳ
2388 2974 2480 3051 τοῦ
2500 2976 2659 3051 Δοἴκου
2689 2976 2908 3039 ἔσωθεν,
2935 2978 3121 3034 δοῦναι
3156 2974 3277 3033 ἐκεῖ
3300 2982 3398 3051 τὴν

1810 3045 2040 3121 κιϐωτὸν
2070 3022 2593 3121 όιαθίῖκηςγικυρίου.
2619 3047 2805 3121 Εἴκοσι
2842 3022 3035 3119 πῆχεις
3071 3051 3265 3121 μῆκος,
3302 3022 3399 3105 κᾶι

1813 3115 1987 3187 ei“?
2034 3116 2229 3184 πήχεις
2271 3114 2504 3187 πλάτος,
2555 3117 2648 3169 καὶ
2702 3119 2873 3171 εἴκοσι
2905 3114 3236 3187 Emme»
3267 3122 3399 3186 ὕψος

1811 3185 2019 3261 αὐτοῦ-ξ
2050 3188 2145 3237 καὶ
2178 3186 2466 3261 περιέσχεν
2492 3187 2623 3261 abab
2651 3188 2861 3258 χρυσίῳ
2898 3185 3395 3261 συγκεκλεισμένῳ.

1810 3255 1851 3310 l.
1884 3270 1950 3329 e._
1980 3253 2045 3307 Et
2074 3253 2443 3329 quadraginta
2468 3253 2789 3329 cubitorum
2826 3253 2944 3313 erat
2978 3253 3266 3329 'templutu
3312 3253 3401 3317 si:-

1811 3326 2051 3380 cundum
2109 3326 2301 3382 faciem
2352 3326 2515 3380 Dabir
2556 3326 2608 3379 in
2655 3328 2833 3380 medio
2877 3330 3072 3384 domus
3119 3326 3297 3395 intus,
3330 3332 3399 3386 ad

1811 3397 2050 3471 dandum
2096 3396 2169 3471 ibi
2198 3411 2383 3471 arcam
2416 3398 2737 3471 testamenti
2772 3397 3039 3471 Domini:
3075 3401 3266 3471 viginti
3301 3418 3400 3455 cu-

1815 3466 1933 3541 bit_i_
1964 3465 2266 3541 longitudo,
2315 3475 2368 3541 et
2397 3466 2588 3535 viginti
2617 3468 2784 3541 cubiti
2817 3468 3066 3541 latitudo,
3119 3465 3171 3524 et
3208 3471 3399 3541 viginti

1815 3536 1984 3657 cubitli
2031 3538 2261 3590 altitudo
2305 3536 2425 3605 ejus
2467 3554 2481 3589 :
2522 3547 2576 3591 et
2612 3538 3048 3595 circumobduxit
3085 3541 3215 3596 illud
3263 3536 3401 3596 auro

1815 3620 1947 3657 conc
1974 3622 2091 3657 nso.

1814 3620 2091 3660 COllClllSO.

1884 3673 1945 3727 V.
1974 3676 2062 3753 Ξῖ).
2091 3675 2334 3753 Ἀλλρς,
2370 3674 2465 3753 δύο
2496 3677 2761 3753 χερουᾷιμ.
2793 3677 2964 3743 ξύλων
2990 3683 3403 3753 κυπαρισσίνων

1805 3746 1941 3798 δέκα
1968 3748 2208 3816 πήχεων.
2248 3745 2339 3800 Sic
2374 3745 2600 3816 quidam
2634 3745 2764 3801 editi
2797 3760 2852 3803 et
2889 3766 3021 3805 mss.
3054 3751 3111 3805 ln
3135 3745 3263 3807 edit.
3299 3768 3399 3806 au-

1808 3826 1916 3868 tem
1970 3816 2131 3869 Rom.
2183 3817 2318 3883 haec,
2373 3815 2546 3885 ξύλων
2593 3820 3025 3890 κυπαρισσίνων,
3079 3824 3401 3891 praetermit-

1808 3895 2019 3940 tuntur.

1883 3954 1946 4009 ν.
2005 3956 2192 4029 51-55.
2245 3958 2509 4023 Ἄλλος,
2562 3958 2657 4011 καὶ
2707 3959 2890 4029 φλιάς,
2935 3964 3246 4028 πενταπλὰς
3286 3971 3395 4019 etc.

1812 4023 1913 4081 Hic
1945 4027 2110 4081 etiam
2142 4037 2335 4082 vacant
2364 4030 2413 4080 oi
2452 4030 2537 4081 0'.-

1207 4378 1463 4441 CAPUT
1514 4382 1629 4443 VII
1698 4385 1849 4445 LlB.
1911 4387 1998 4446 Ill
2059 4387 2363 4450 REGUM.

455 4478 863 4533 ΣΥΜΜΑΧΟΣ.

199 4639 259 4695 4.
292 4639 669 4709 Παρακύψεις.

196 4735 256 4789 6.
284 4736 363 4789 Τὸ
393 4735 692 4806 πρόπυλον.

198 4828 255 4881 7.
292 4825 408 4880 Καὶ
458 4824 741 4896 βασιλικὴν
807 4824 900 4878 τοῦ
931 4825 1174 4896 θρόνου,

1320 4641 1375 4695 4.
1404 4644 1685 4718 Μέλαθρα,

1320 4734 1371 4788 6.
1410 4735 1482 4788 Τὸ
1510 4739 1699 4810 αίλάμ.

1322 4825 1372 4879 7.
1406 4827 1517 4902 Kal
1546 4830 1607 4881 τὸ
1631 4831 1802 4902 unam

1759 4488 1834 4539 θ’.
2687 4489 3090 4545 ΘΕΟΔΟΤῙΩΝ.

1842 4832 1952 4905 τῷν
1995 4833 2198 4905 θρόνων
2226 4828 2288 4888 οὗ
2438 4834 2494 4891 7.

122 4901 263 4954 ὅπου
306 4896 520 4949 δικάσει
552 4895 707 4959 ἐκεῖ.
744 4895 1018 4967 πρόπυλον
1058 4896 1178 4969 κρίο
1249 4898 1427 4967 κρινεῖ
1456 4898 1592 4966 ἐκεῖ,
1627 4895 1799 4973 αῑλὰρ.
1821 4903 1915 4955 τοῦ
1959 4895 2265 4974 κριτηρίου.

124 4982 295 5031 πως.

200 5058 255 5113 9.
285 5055 685 5127 Πεπρισμὲνων
712 5054 919 5126 πρίονι.

201 5149 332 5203 Τῶν
364 5147 815 5219 ἀπαρτισμάτων.

441 5265 520 5322 δῖ
529 5265 886 5323 MMACHUS.

199 5387 259 5442 4.
292 5385 653 5456 Conspicilla.

198 5479 258 5532 6.
289 5476 655 5532 Vestibulum.

204 5570 259 5623 7.
295 5569 367 5625 Et
395 5570 600 5639 regiam
651 5566 995 5639 thronitquo
1035 5564 1183 5637 judi-

124 5641 285 5699 eabit
310 5639 410 5704 ibi,
435 5636 763 5694 vestibulum
789 5636 1001 5708 judicii.

206 5733 265 5788 9.
294 5729 539 5786 Serratis
569 5743 740 5783 serra.

203 5824 624 5882 Summitatutn.

1324 5146 1444 5201 Τῶν
1470 5148 1690 5216 γεισῶν.

1320 5385 1375 5440 ι.
1405 5387 1691 5445 Melathra.

1326 5474 1378 5530 6.
1420 5476 1624 5532 IElam.

1420 5267 1565 5322 LXX
1594 5268 2101 5331 INTERPRETES.

1324 5567 1397 5645 7._
1499 5569 1658 5645 telam
1672 5570 2042 5645 thronorum,
2052 5587 2166 5645 quo
2199 5572 2293 5645 ju-

1259 5636 1462 5692 dicabit
1497 5638 1593 5703 ibi,
1622 5640 1775 5694 relam
1809 5636 2117 5699 tribunalis.

1330 5729 1380 5783 9.
1416 5728 1613 5782 Caalata
1640 5744 1702 5783 ex
1744 5730 2047 5786 intervallo.
2440 5730 2490 5787 9.

1328 5819 1705 5875 Summitatem
1738 5822 2026 5891 parietum.

1324 5055 1376 5110 9.
1399 5056 1799 5128 ΚεκοΑαμμένα
1817 5060 1881 5112 ὲκ
1896 5059 2288 5133 διαστήματος.
2436 5063 2487 5120 9.

2675 5278 3089 5338 ΤΗΕΟΒΟἸΊΟ.

2441 5397 2496 5455 4.

2443 5486 2498 5542 6.

2443 5571 2493 5627 7.
