3868 6214
118 360 277 418 173

1352 387 1481 445 LIB.
1525 391 1590 447 III
1632 395 1872 454 REGUM
1910 397 2141 457 CAPUT
2182 403 2323 458 XIV.

3325 418 3421 473 I74

1253 499 1508 564 CAPUT
1569 508 1688 568 XII
1749 510 1897 573 LIB.
1932 513 2046 589 _lII
2097 516 2399 578 REGUM.

496 589 895 652 ΣΥΜΜΑΧΟΣ.

242 747 328 828 ιο.
361 749 435 801 Τὸ
490 753 849 828 σξικρότατόν
902 774 1004 827 μου
1046 759 1208 828 μέλος

163 902 299 954 μου.

475 1056 913 1115 SYMMACHUS.

233 1145 323 1199 IO.
358 1146 639 1203 Minimum
672 1154 972 1207 membrum
1022 1172 1202 1212 meum

155 1218 412 1285 grossius
437 1229 521 1273 cst
544 1221 727 1276 lumbo
751 1223 921 1291 patris
950 1227 1077 1282 mei.
1275 1235 1442 1298 patris
1470 1236 1594 1290 mei.

300 766 474 852 r4135“
490 766 849 852 εξιιῖἱκροτατον
870 766 1208 852 rguit???
1285 766 1435 852 ’10..
1488 787 1542 852 nl
1576 773 1839 852 μικρρτης
1893 794 1993 852 μου
2038 782 2317 852 παχυτέρα

159 825 474 919 fixuram»;
501 825 599 890 τῆς
626 825 826 892 ὀσφύος
868 825 962 880 τοῦ
999 825 1206 899 πατρὸς
1276 834 1378 904 τῆς
1408 825 1609 905 ὀσφύοξ
1645 825 1738 894 τοῦ

1452 1071 1592 1125 LXX
1630 1072 1697 1128 IN
1703 1074 2130 1139 TERPRETES.

1344 1161 1429 1214 10.
1465 1163 1708 1223 Parvitas
1732 1185 1847 1225 mea
1871 1176 2106 1231 crassior
2126 1177 2309 1235 lumoo

1783 619 1856 669 υ.
2705 624 3101 685 ΘΕΟΔΟΤΙΩΝ.

2462 786 2547 844 10.

2710 1094 3121 1154 THEODOTIO.

2453 1184 2537 1241 I0.

1691 1466 1869 1533 Nota.

150 1564 407 1623 sumptas
439 1556 777 1613 exhibemus.

1208 1748 1459 1811 CAPUT
1510 1754 1657 1815 XIII
1716 1757 1864 1817 LIB.
1928 1757 2015 1818 III
2048 1758 2348 1823 BEGUM.

161 1857 283 1910 ριος
316 1842 397 1910 τῷ
416 1843 609 1907 λέοντι,
652 1846 743 1899 καὶ
766 1847 1079 1918 συνέτριψεν
1108 1851 1271 1905 αὐτὸν
1291 1895 1305 1919 ,
1351 1856 1443 1907 καὶ
1472 1856 1690 1910 ὲθανάτο

1848 1858 2084 1916 Sternite
2112 1865 2245 1918 mihi
2272 1867 2491 1922 asinum
2523 1888 2535 1923 :
2569 1883 2621 1926 et
2670 1882 2996 1931 straverunt.
3030 1876 3149 1935 Vul.
3185 1882 3253 1936 Et
3284 1888 3366 1937 lra

149 1948 246 1983 σεν
283 1934 469 1997 αὑτὸν,
518 1937 659 1989 κατὰ
694 1937 753 1989 τὸ
786 1938 937 2008 ῥῆμα
967 1940 1191 2011 Κυρίου,
1222 1943 1250 1995 ὃ
1282 1944 1540 2017 ἐλάλησεν
1567 1948 1734 2018 αὐτῷ.

1843 1950 2123 2006 diditeum
2163 1954 2425 2013 Dominus
2454 1959 2618 2025 leoni,
2667 1972 2721 2017 et
2758 1966 3026 2037 confregit
3058 1984 3202 2037 eum,
3226 1981 3281 2026 et
3307 1989 3373 2028 oc

145 2022 264 2074 Καὶ
302 2023 535 2095 ὲλέιλησε
579 2025 716 2097 πρὸς
751 2030 899 2095 υἱοὺς
944 2030 1126 2085 αὐτοῦ.
1177 2034 1495 2101 Ἐπισάξατέ
1530 2056 1619 2109 μοι
1648 2040 1690 2091 τὲ

1843 2040 1977 2128 cidit
2001 2058 2147 2108 eum,
2173 2048 2326 2116 juxta
2352 2051 2577 2106 verbum
2616 2054 2853 2122 Domini,
2898 2059 3044 2127 quod
3079 2061 3292 2118 locutus
3314 2072 3391 2118 est

136 2107 296 2164 ὄνον.
327 2113 440 2165 Καὶ
468 2114 758 2181 ὲπέσαξαν.

1833 2132 1904 2186 ei.
1936 2133 2186 2205 Dixitque
2234 2139 2300 2193 ad
2330 2139 2470 2196 ﬁlios
2504 2159 2654 2210 suos,
2705 2144 2939 2204 Sternite
2963 2151 3095 2205 mihi
3129 2154 3363 2209 asinum.

1834 2227 1939 2295 Qui
1970 2247 2093 2287 cum
2129 2237 2469 2293 stravissent.

1672 2345 1853 2408 Nota.

124 2422 527 2482 desumuntur.

1217 2619 1471 2684 CAPUT
1516 2626 1839 2701 XIVLIB.
1901 2634 1988 2693 III
2018 2636 2319 2698 REGUM.

116 2708 460 2780 ἠῤῥώπησε
485 2711 545 2764 τὸ
573 2714 854 2785 παιδάριον
897 2717 1199 2791 Ἰεροὸοὰμ,
1234 2723 1329 2775 ml-
1368 2725 1522 2795 ἈΧιά
1559 2724 1628 2799 ἦν
1662 2731 1686 2781 ὲ

1825 2735 2013 2804 Aliter,
2045 2750 2098 2796 et
2127 2740 2407 2810 mgrotavit
2428 2755 2563 2809 puer
2590 2736 2899 2812 Jeroboam,
2924 2754 2977 2800 et
2991 2746 3160 2803 Achia
3190 2758 3307 2804 erat
3329 2751 3382 2804 in

117 2796 309 2867 Σηλὼ,
348 2800 463 2862 υἱὸς
492 2800 534 2865 ξ’
574 2801 733 2869 ἐτῶν,
766 2806 859 2857 καὶ
914 2808 1066 2878 ῥῆμα
1115 2811 1320 2881 Κυρίου
1361 2817 1479 2884 μετ’
1509 2796 1672 2871 αὐτοῦ
1704 2838 1716 2852 ·

115 2890 217 2940 καὶ
245 2890 277 2940 ὁ
314 2888 602 2959 ἄνθρωπος
652 2896 1038 2969 πρεσϐύτερος,
1090 2902 1182 2953 καὶ
1229 2904 1498 2977 ὀφθαλμοὶ
1551 2911 1717 2965 αὑτοῦ

112 2978 523 3048 ἡμὸλυάκτουν.

114 3199 186 3263 χ
223 3196 551 3266 βασιλεῦσαι
578 3202 670 3255 ἐπὶ
695 3205 786 3257 τὸν
807 3205 932 3259 λαὸν
956 3208 1165 3264 τοῦτον.
1199 3212 1448 3281 Ἄλλως,
1477 3218 1571 3270 καὶ
1595 3214 1717 3273 εἷπε

110 3291 260 3361 πρὸς
302 3291 444 3343 ’Δνὼ
466 3295 563 3364 τὴν
607 3300 837 3363 γυναῖκα
872 3300 1037 3353 αὐτοῦ
1060 3318 1073 3331 ·
1123 3304 1438 3378 Ἀνάστηθι,
1459 3312 1711 3381 πορεύου,

110 3380 478 3453 ἐπερώτησον
503 3386 594 3437 τὸν
624 3388 756 3441 Θεὸν
791 3393 917 3461 περὶ
951 3393 1043 3445 τοῦ
1074 3396 1381 3467 παιδαρίου,
1414 3401 1463 3452 εἰ
1488 3401 1713 3473 ζήσεται

109 3474 178 3525 ἐκ
192 3472 300 3542 τῆς
322 3475 638 3543 ἀρρωστίας
660 3479 843 3534 αὐτοῦ.
875 3484 985 3536 Καὶ
1005 3484 1288 3557 ἅνθρωπος
1314 3486 1382 3560 ἦν
1407 3493 1464 3545 ὲν
1484 3494 1702 3565 Σηλὼμ,

108 3565 209 3618 καὶ
244 3565 419 3635 ὄνομα
452 3568 599 3637 αὐτῷ
638 3570 810 3639 Ἀχιὰ,
848 3576 941 3625 καὶ
971 3571 1124 3638 οὗτος
1164 3574 1230 3649 ἦν
1283 3582 1392 3646 υἱὸς
1437 3584 1700 3656 ἑξήκοντα.

107 3657 278 3721 ἐτῶν,
312 3658 409 3710 καὶ
442 3660 593 3730 ῥῆμα
619 3662 823 3733 Κυρίου
850 3667 968 3734 μετ’
1000 3664 1185 3722 αὐτοῦ’.

1827 2833 1972 2897 Scio,
2012 2834 2155 2887 ﬁlius
2186 2832 2465 2900 sexaginta
2507 2847 2799 2900 annorum,
2838 2844 2896 2890 et
2917 2839 3140 2893 verbum
3170 2837 3381 2895 Domini

1817 2928 1944 2979 'cum
1980 2940 2046 2978 eo
2074 2941 2087 2975 :
2117 2934 2169 2978 et
2203 2924 2370 2977 homo
2402 2924 2605 2990 senior,
2648 2934 2701 2979 et
2728 2928 2868 2981 oculi
2907 2930 3027 2999 ejus
3053 2932 3378 3003 caligabant.

1830 3015 1982 3086 Vulg.
2033 3018 2092 3068 In
2145 3026 2388 3083 tempore
2436 3012 2529 3069 illo
2559 3019 2839 3085 :egrotavit
2873 3019 3009 3075 Abia
3049 3024 3190 3079 ﬁlius
3239 3022 3382 3081 Jeru-

1814 3108 1994 3163 boam.

1815 3224 2008 3291 Aliter,
2037 3234 2091 3280 et
2117 3227 2254 3282 dixit
2287 3228 2353 3282 ad
2381 3230 2500 3282 Ano
2527 3242 2755 3282 uxorem
2790 3243 2945 3283 suam
2968 3249 2980 3283 :
3004 3228 3193 3301 Surge,
3217 3233 3375 3298 vade,

1813 3316 2085 3389 interroga
2116 3318 2282 3373 Deum
2337 3321 2481 3375 circa
2514 3336 2766 3389 puerum,
2811 3322 2856 3375 si
2886 3322 3027 3376 vivet
3054 3339 3120 3377 ex
3154 3324 3377 3379 inﬁrmi-

1811 3418 1919 3465 tate
1957 3427 2074 3465 sua.
2116 3410 2182 3466 Et
2232 3412 2396 3466 homo
2427 3423 2546 3467 erat
2603 3416 2657 3468 in
2716 3414 2923 3480 Selom,
2983 3424 3038 3469 et
3093 3430 3289 3470 nomen
3324 3418 3373 3471 ei

1810 3503 2002 3567 Achia,
2043 3514 2096 3558 ct
2122 3505 2208 3558 hic
2234 3514 2351 3558 erat
2374 3506 2516 3560 ﬁlius
2552 3508 2829 3577 sexaginta
2859 3521 3147 3571 annorum,
3179 3516 3233 3561 et
3252 3523 3373 3562 ver-

1808 3592 1937 3646 bum
1995 3591 2209 3647 Domini
2252 3610 2376 3648 cum
2430 3610 2516 3650 eo.
2570 3594 2719 3665 Vulg.
2788 3595 3041 3664 Dixitque
3083 3596 3370 3651 Jeroboam

1804 3685 1964 3739 uxori
1992 3700 2104 3739 sua:
2128 3704 2141 3738 :
2184 3687 2375 3756 Surge,
2402 3696 2455 3741 et
2484 3696 2760 3741 commuta
2784 3688 3051 3753 habitum,
3075 3704 3141 3743 ne
3171 3705 3372 3759 cogno-

1804 3776 1977 3831 scaris
2025 3776 2168 3845 quod
2205 3778 2281 3831 sis
2312 3794 2447 3832 uxor
2475 3777 2764 3833 Jeroboam
2799 3797 2812 3833 :
2856 3789 2911 3833 et
2956 3780 3092 3835 vade
3131 3781 3185 3834 in
3212 3778 3367 3847 Silo,

108 3854 205 3908 ubi
235 3866 321 3911 est
349 3855 521 3913 Ahias
554 3860 837 3929 prepheta,
867 3865 961 3932 qui
998 3865 1213 3921 locutus
1239 3875 1321 3923 est
1358 3870 1514 3934 mihi,
1539 3871 1683 3941 quod
1725 3878 2051 3941 regnaturus
2080 3884 2254 3924 essem
2284 3882 2449 3939 super
2470 3870 2727 3939 populum
2760 3871 2926 3925 hunc.

108 3972 178 4036 Β(
213 3968 385 4032 αὐτὸς
409 3971 701 4040 ἀναγγελεί
753 3992 835 4027 σοι
854 3976 907 4027 τί
929 3976 1081 4032 ἔσται
1106 3980 1184 4050 τῷ
1205 3982 1422 4054 παιδίῳ.
1450 3986 1695 4050 Ἄλλως,

104 4061 203 4113 καὶ
233 4056 394 4113 εἶπεν
436 4062 719 4135 Ἰεροῦοὰμ
743 4068 879 4138 πρὸς
898 4070 997 4140 τὴν
1026 4076 1257 4138 γυναῖκα
1288 4075 1451 4128 αὐτοῦ
1475 4092 1488 4105 ⁸
1538 4077 1696 4129 Ἀνά-

106 4149 292 4221 στηθι,
334 4150 431 4202 καὶ
460 4151 591 4205 λάϐε
621 4154 701 4214 εἰς
723 4154 821 4224 τὴν
847 4157 1007 4226 χεῖρά
1047 4175 1139 4210 σου
1178 4160 1254 4229 τῷ
1289 4160 1557 4233 ἀνθρώπῳ
1600 4161 1693 4213 τοῦ

98 4240 241 4292 Θεοῦ
271 4241 495 4311 ἄρτους,
545 4245 639 4295 καὶ
687 4246 945 4317 κολλύρια
984 4252 1094 4312 τοῖς
1125 4252 1337 4316 τέκνοις
1358 4252 1555 4306 αὑτοῦ·
1599 4253 1694 4306 καὶ

101 4330 392 4403 σταφυλὴν
419 4334 514 4386 καὶ
538 4334 771 4405 στάμνον
804 4339 1038 4408 μέλιτος.

98 4535 167 4599 Χ
208 4532 303 4601 poi.
327 4532 494 4585 αὐτοῦ
545 4534 652 4586 ἀπὸ
690 4535 781 4588 τοῦ
820 4538 1001 4609 γήρως
1049 4540 1236 4596 αὑτοῦ.
1294 4544 1548 4612 Ἄλλως,
1596 4548 1692 4601 καὶ

95 4624 305 4693 ἀνέστη
338 4626 373 4693 ἡ
396 4625 553 4695 γυνὴ,
581 4626 674 4677 καὶ
701 4626 889 4680 ἐλαϐεν
928 4632 1007 4692 εἰς
1044 4632 1143 4701 τὴν
1192 4634 1346 4705 χεῖρα
1376 4636 1546 4707 αὐτῆς
1591 4639 1688 4709 ἄρ-

92 4729 227 4775 τους
259 4714 360 4765 καὶ
381 4714 476 4765 δύο
501 4714 758 4785 κολλύρια
787 4757 801 4781 ,
843 4718 938 4770 καὶ
994 4721 1289 4792 σταφυλὴν,
1326 4725 1417 4777 καὶ
1452 4728 1685 4797 στάμνον

96 4804 325 4873 μέλιτος
353 4806 431 4873 τῷ
461 4805 634 4875 Ἀχιά.
664 4807 775 4858 Καὶ
804 4808 832 4859 ὁ
871 4808 1156 4879 ἄνθρωπος
1180 4814 1567 4887 πρεσϐύτερος,
1594 4820 1687 4872 καὶ

91 4898 144 4947 οἱ
171 4896 451 4964 ὀφθαλμοὶ
481 4897 645 4949 αὐτοῦ
666 4897 1033 4967 ἠμϐλυώπουν
1052 4900 1145 4954 τοῦ
1173 4904 1318 4957 ἰδεῖν.
1352 4908 1461 4959 Καὶ
1486 4908 1684 4980 ἀνέστη

92 4989 159 5038 ἐκ
191 4986 429 5057 Σαριρὰ,
462 4987 556 5040 καὶ
587 4990 899 5059 πορεύεται.

87 5215 158 5280 χ(
190 5211 290 5264 καὶ
314 5210 460 5263 κατὰ
481 5210 641 5265 τοῦτο
675 5212 927 5284 λαλήσεις
946 5215 1081 5286 πρὸς
1102 5218 1290 5290 αὐτήν.
1322 5221 1432 5273 Καὶ
1458 5222 1678 5290 ἐγένετο

86 5308 155 5371 χ
192 5306 254 5356 ὲν
277 5302 361 5373 τῷ
398 5303 740 5374 εἰσέρχεσθαι
772 5308 963 5378 αὐτὴν,
1013 5309 1107 5360 καὶ
1157 5310 1294 5381 αὑτὴ
1332 5311 1675 5377 ἀπεξενοῦτο.

87 5398 326 5459 Ἄλλως
356 5434 371 5457 ,
402 5396 499 5447 καὶ
533 5395 749 5462 ἐγένετο
780 5396 1038 5469 ἐλθούσης
1069 5400 1237 5471 αὐτῆς
1274 5403 1353 5465 εἰς
1393 5405 1492 5474 τὴν
1525 5406 1679 5459 πόλιν

83 5488 225 5555 πρὸς
272 5486 437 5555 ’Δχιὰ
466 5486 559 5539 τὸν
588 5486 915 5560 Σηλωνίτην,
940 5491 1034 5544 καὶ
1056 5490 1211 5544 εἶπεν
1268 5493 1419 5563 Ἀχιὰ
1447 5494 1524 5565 τῷ
1561 5513 1679 5549 παι-

82 5576 256 5647 δαρίῳ
290 5574 723 5641 αὑτοῦ,Ἔξελθε
742 5579 804 5651 δὴ
832 5582 910 5643 εἰς
931 5581 1174 5651 ἀπαντὴν
1210 5583 1346 5635 Ἀνὼ
1372 5588 1437 5656 τῇ
1456 5588 1673 5653 γυναικὶ

95 5667 409 5737 Ἱεροὸοὰμ,
435 5667 533 5719 καὶ
563 5670 709 5738 ἐρεῖς
738 5670 895 5739 αὐτῇ’
926 5670 1148 5723 Εῖσελθε
1179 5672 1272 5724 καὶ
1309 5673 1383 5743 μὴ
1413 5677 1565 5745 στῇς.

1800 3982 1865 4036 ad
1892 3997 2114 4037 uxorem
2168 3999 2360 4037 suam:
2414 3984 2607 4055 Surge,
2658 3993 2711 4038 et
2763 3985 2947 4053 accipe
2974 3985 3027 4039 in
3072 4001 3239 4040 manu
3272 3993 3362 4039 tua

1797 4072 2009 4127 homini
2039 4073 2130 4126 Dei
2159 4090 2348 4142 panes,
2373 4084 2426 4128 et
2453 4076 2747 4146 collyridas
2774 4076 2901 4131 ﬁliis
2924 4077 3064 4146 ejus,
3101 4085 3156 4131 et
3180 4093 3363 4141 uvam,

1796 4174 1851 4220 et
1876 4182 1971 4221 vas
1993 4168 2187 4221 mellis.
2237 4167 2389 4237 Vulg.
2420 4167 2572 4222 Tolle
2603 4184 2824 4238 quoque
2858 4170 2913 4223 in
2967 4185 3132 4223 manu
3160 4178 3254 4225 tua
3277 4172 3364 4225 de-

1792 4274 1907 4312 cem
1940 4275 2126 4328 panes,
2153 4268 2207 4313 et
2231 4261 2555 4323 crustulam,
2586 4268 2640 4315 et
2670 4277 2769 4316 vas
2822 4263 3019 4326 mellis,
3051 4272 3105 4317 et
3129 4263 3267 4318 vade
3291 4263 3359 4317 ad

1795 4348 1996 4402 illum:
2057 4351 2174 4420 ipse
2222 4353 2367 4405 enim
2400 4352 2663 4407 indicabit
2708 4353 2830 4420 tibi,
2876 4354 3007 4423 quid
3036 4364 3356 4410 eventurum

1791 4443 1863 4497 sit
1893 4460 2061 4513 puero
2089 4445 2235 4499 huic.

1792 4556 1896 4623 psit
1923 4557 1975 4610 in
2009 4574 2172 4611 manu
2203 4573 2301 4612 sua
2330 4574 2518 4627 panes,
2541 4559 3067 4632 etduas’collyridas,
3093 4572 3146 4617 et
3168 4578 3354 4625 uvam,

1791 4655 1845 4701 et
1875 4663 1969 4701 vas
2000 4650 2177 4703 mellis
2214 4649 2315 4718 ipsi
2369 4651 2577 4704 Achia:
2615 4661 2669 4706 et
2700 4654 2863 4707 homo
2891 4654 3092 4720 senior,
3128 4664 3181 4708 et
3208 4656 3351 4709 oculi

1789 4740 1909 4809 ejus
1940 4740 2244 4811 caligabant
2271 4741 2336 4794 ad
2366 4742 2679 4796 videndum.
2706 4742 2771 4796 Et
2795 4745 3030 4798 surrexit
3056 4745 3122 4799 de
3146 4745 3352 4808 Sarira,

1786 4842 1839 4887 et
1866 4833 2033 4887 vadit.
2067 4832 2217 4901 Vulg.
2234 4832 2399 4898 Fecit,
2425 4842 2485 4886 ut
2508 4835 2737 4896 dixerat,
2772 4852 2909 4889 uxor
2936 4836 3224 4891 Jeroboam
3255 4855 3267 4889 :
3301 4849 3354 4892 et

1787 4938 2127 4994 consurgens
2151 4925 2284 4978 abiit
2310 4926 2362 4978 in
2390 4925 2522 4988 Silo,
2559 4939 2613 4980 et
2641 4928 2789 4981 venit
2818 4928 2871 4980 in
2900 4931 3122 4982 domum
3147 4929 3298 4983 ᾹΙιίαι
3334 4948 3345 4983 :

1785 5024 1840 5069 at
1864 5016 1955 5069 ille
1978 5032 2085 5070 non
2119 5025 2331 5085 poterat
2371 5017 2576 5083 videre,
2623 5020 2752 5089 quia
2786 5020 3154 5091 caligaverant
3206 5022 3347 5076 oculi

1774 5106 1894 5175 ejus
1927 5122 2038 5177 pra:
2064 5117 2365 5164 senectute.

1777 5224 1846 5291 Χ
1898 5225 2107 5292 grinam
2160 5226 2473 5281 simulabat.
2542 5226 2742 5292 Aliter,
2784 5235 2840 5281 et
2890 5226 3091 5281 factum
3142 5238 3226 5283 est
3266 5229 3347 5282 iu-

1776 5316 2051 5383 grediente
2112 5318 2227 5387 ipsa
2282 5320 2336 5373 in
2389 5321 2578 5374 urbem
2608 5320 2675 5374 ad
2710 5320 2879 5373 Achia
2928 5318 3256 5385 Selonitem,
3292 5330 3340 5372 et

1778 5402 1918 5455 dixit
1940 5403 2109 5457 Achia
2141 5421 2308 5469 puero
2335 5423 2457 5471 suo,
2494 5408 2765 5480 Egredere
2802 5410 2858 5463 in
2902 5426 3194 5465 occursum
3224 5410 3344 5465 Ano

1777 5495 1936 5549 uxori
1955 5494 2268 5562 Jeroboam,
2293 5507 2347 5551 et
2366 5500 2514 5555 dices
2546 5501 2684 5569 ipsi:
2713 5501 3020 5572 Ingredere,
3052 5511 3105 5556 et
3134 5517 3202 5556 ne
3237 5514 3335 5556 ste-

1777 5588 1925 5643 teris.
1978 5588 2097 5641 Vul.
2154 5588 2297 5642 Dixit
2323 5598 2502 5652 autem
2562 5591 2824 5647 Dominus
2867 5594 2932 5647 ad
2960 5594 3176 5657 Ahiam,
3204 5591 3341 5647 Ecw

1778 5693 1915 5732 uxor
1940 5677 2228 5745 Jeroboam
2286 5682 2586 5751 ingreditur
2655 5692 2715 5736 ut
2764 5685 3015 5739 consulat
3067 5694 3119 5738 te
3172 5699 3339 5754 super

85 5760 197 5815 ﬁlio
226 5775 354 5827 suo,
388 5761 483 5827 qui
532 5770 771 5837 aegrotat
789 5763 971 5841 {haec
997 5772 1050 5819 et
1083 5765 1198 5821 haec
1240 5767 1481 5838 loqueris
1511 5771 1580 5827 ei.
1614 5770 1752 5827 Cum
1777 5788 1909 5845 ergo
1946 5774 2037 5829 illa
2064 5776 2306 5843 intraret,
2339 5787 2394 5832 et
2423 5778 2791 5835 dissimularet
2822 5795 2879 5836 se
2910 5794 3029 5836 esse
3053 5795 3173 5850 qua
3201 5788 3335 5835 erat.
