3868 6214
142 340 251 395 177

137 437 209 500 3K
245 432 415 486 νοῦσα
441 448 457 495 ;
490 430 583 484 καὶ
613 428 724 499 ἐγώ
749 430 862 501 εἰμι
886 430 1180 492 ἀπόστολος
1213 432 1349 503 πρὸς
1386 432 1443 485 σὲ
1474 431 1726 503 σκληρός.

139 528 409 591 Ἄλλως,
443 525 525 577 ὅτι
550 523 674 576 τάδε
704 522 852 590 λέγει
888 522 1111 594 Κύριος,
1134 524 1351 594 Σκληρὰ
1374 524 1485 590 ἐγὼ
1521 527 1729 577 ἐπαπο-

136 618 357 671 στέλλω
385 618 478 670 ἐπὶ
504 616 581 669 σὲ.
615 616 726 669 Καὶ
754 615 998 686 εἰσῆλθεν
1033 614 1169 668 Ἀνὼ
1202 616 1337 685 πρὸς
1374 615 1469 668 τὸν
1518 615 1729 686 ἄνθρω-

136 729 247 765 πον
277 710 373 764 τοῦ
404 708 562 770 Θεοῦ,
590 708 687 761 καὶ
718 702 872 761 εἶπεν
901 709 1037 778 αὐτῇ
1076 708 1249 777 Ἀχιὰ,
1280 707 1444 759 Ὶνατί
1472 706 1729 777 ὲνήνοχάς

140 820 239 872 μοι
272 804 494 874 ἄρτους,
519 800 612 855 καὶ
642 799 934 871 σταφυλὴν,
962 800 1054 853 καὶ
1074 798 1352 872 κολλύρια,
1374 799 1467 851 καὶ
1493 798 1727 868 στάμνον

139 893 370 963 μέλιτος
389 908 404 957 ;

138 1137 215 1201 >ε<
246 1132 420 1204 ὖοάμ·
463 1132 603 1187 Τάδε
641 1133 787 1202 λέγει
829 1134 1031 1205 Κύριος
1058 1136 1086 1188 ό
1122 1135 1254 1199 Θεὸς
1290 1134 1538 1209 Ἰσραήλ·
1584 1135 1724 1188 Ἀνθ’

139 1227 215 1292 >ε<
244 1220 308 1279 οὗ
338 1225 469 1278 ὅσον
491 1224 682 1294 ύψωσά
712 1242 769 1278 σε
799 1225 906 1279 ἀπὸ
942 1227 1106 1297 μέσου
1133 1226 1227 1279 τοῦ
1250 1227 1402 1290 λαοῦ,
1427 1228 1518 1281 καὶ
1548 1225 1723 1280 ἔδωκὰ

138 1319 214 1384 Χ
247 1334 309 1370 σε
336 1316 637 1387 ἡγούμενον
670 1318 761 1370 ἐπὶ
787 1317 877 1370 τὸν
901 1318 1029 1371 λαὸν
1067 1319 1303 1390 Ἰσραήλ.

1284 339 1411 394 LIB.
1456 339 1523 394 III
1579 338 1821 398 REGUM
1860 343 2090 401 CAPUT
2129 346 2269 404 XIV.

3294 350 3394 406 ΠΒ

1835 436 1979 492 Dura
2001 454 2100 508 ego
2134 439 2366 493 immitto
2395 453 2559 509 super
2584 445 2655 494 te.
2703 438 2769 495 Et
2796 440 3040 511 lngressa
3078 450 3163 498 est
3188 442 3306 497 Ano
3329 443 3395 496 ad

1832 528 2108 583 hominem
2166 530 2281 595 Dei,
2313 538 2369 583 et
2398 530 2537 584 dixit
2566 529 2616 583 ei
2652 529 2861 585 Achia:
2895 529 2967 586 Ut
2989 531 3118 601 quid
3168 532 3395 587 attulisti

1835 619 1966 672 mihi
1996 634 2164 689 panes
2213 629 2267 674 et
2316 634 2500 683 uvam,
2532 628 2586 674 et
2614 619 2927 691 collyridas,
2962 630 3017 677 et
3040 637 3135 677 vas
3169 622 3346 677 mellis
3373 622 3396 674 ?

1843 707 1961 762 ναι.
1986 708 2209 763 Audivit
2246 709 2413 763 Ahias
2460 709 2697 764 sonitum
2730 709 2926 779 pedum
2960 709 3079 779 ejus
3114 711 3394 766 introeun-

1830 798 1899 854 tis
1931 813 2025 868 per
2055 800 2278 864 ostium,
2311 808 2366 853 et
2389 800 2464 854 ait
2496 818 2509 854 :
2544 798 2852 870 Ingredere,
2884 815 3026 855 uxor
3055 799 3343 857 Jeroboam
3378 821 3390 855 :

1830 904 1999 959 quare
2030 888 2191 943 aliam
2244 898 2297 944 te
2355 906 2475 945 esse
2533 889 2801 945 simulas?
2846 905 2947 961 ego
2978 899 3161 946 autem
3191 895 3395 948 missus

1829 994 1951 1033 sum
1982 977 2046 1031 ad
2079 988 2131 1033 te
2159 978 2331 1033 durus
2366 979 2609 1034 nuntius.

1833 1140 1902 1206 >ε<
1931 1135 2100 1191 extuli
2134 1147 2188 1194 te
2213 1153 2244 1193 e
2275 1136 2453 1190 medio
2487 1135 2692 1204 populi,
2721 1141 2775 1189 et
2798 1135 2921 1191 dedi
2959 1145 3010 1189 te
3058 1135 3251 1190 ducem
3303 1151 3396 1190 su-

1830 1232 1897 1297 )ί(
1926 1243 2022 1299 per
2042 1229 2299 1299 populum
2323 1228 2507 1282 Israel.
2546 1226 2660 1281 ναι.
2694 1225 2863 1291 Vade,
2888 1236 2940 1280 et
2963 1225 3049 1280 dic
3071 1225 3392 1281 Jeroboam:

1827 1318 1952 1372 Haec
1975 1318 2105 1372 dicit
2138 1318 2400 1373 Dominus
2442 1316 2584 1373 Deus
2609 1315 2806 1372 Israel:
2841 1314 2975 1383 Quia
2996 1318 3226 1372 exaltavi
3258 1329 3308 1373 te
3331 1319 3398 1373 de

136 1412 331 1467 medio
356 1412 562 1482 populi,
599 1422 655 1468 et
692 1413 815 1469 dedi
873 1425 925 1469 te
982 1415 1177 1469 ducem
1233 1428 1397 1485 super
1454 1414 1714 1483 populum
1754 1428 1938 1468 meum
1972 1413 2158 1468 Israel.

137 1572 211 1637 Χ
236 1568 417 1623 ἔδωκα
442 1568 572 1622 αὐτό
605 1586 706 1632 σοι,
754 1569 850 1622 καὶ
895 1569 995 1622 οὐκ
1040 1569 1224 1637 ὲγένου
1270 1568 1345 1633 ὡς
1401 1567 1582 1631 δοῦλός
1618 1586 1719 1637 μου

140 1668 211 1730 ᾖ(
247 1661 433 1726 Δαυὶδ,
471 1661 530 1726 ὃς
563 1660 792 1730 ἐφύλαξε
820 1661 915 1725 τὰς
942 1661 1158 1724 ἐντολάς
1197 1678 1297 1731 μου
1318 1701 1332 1725 ,
1370 1662 1463 1714 καὶ
1503 1660 1561 1723 ὃς
1593 1662 1720 1713 ἑπο-

139 1758 212 1821 x
245 1754 415 1826 ρεύθη
446 1752 617 1807 ὀπίσω
655 1770 755 1822 μου
784 1754 842 1805 ὲν
876 1752 1028 1824 πάσῃ
1060 1751 1259 1822 καρδίᾳ
1284 1748 1450 1804 αὐτοῦ
1477 1750 1568 1803 τοῦ
1602 1767 1721 1803 ποι-

140 1850 209 1915 x
241 1849 376 1916 ἧσαι
394 1845 456 1898 τὸ
492 1844 648 1907 eset;
671 1845 729 1897 ὲν
752 1844 1048 1914 ὀφθαλμοῖς
1085 1860 1204 1913 μου.

1829 1571 1897 1636 Χ
1928 1576 1988 1623 ut
2040 1582 2230 1623 servus
2272 1582 2427 1622 meus
2477 1566 2667 1636 David,
2706 1568 2797 1639 qui
2826 1567 3118 1623 custodivit
3145 1565 3397 1622 mandata

1831 1659 1899 1724 3K
1928 1671 2069 1723 mea,
2091 1664 2145 1712 et
2178 1659 2269 1727 qui
2288 1657 2581 1712 ambulavit
2608 1669 2728 1728 post
2748 1674 2836 1713 me
2862 1658 2914 1712 in
2948 1666 3061 1712 toto
3089 1658 3251 1713 corde
3274 1673 3394 1722 suo,

1832 1751 1899 1818 )K
1931 1748 2181 1806 faciendo
2218 1758 2427 1806 rectum
2459 1752 2511 1804 in
2555 1750 2728 1806 oculis
2758 1751 2914 1805 meis.
2974 1750 3125 1821 Vulg.
3156 1749 3222 1805 Et
3263 1751 3397 1806 scidi

1832 1854 2058 1910 regnum
2096 1842 2293 1898 domus
2328 1840 2494 1897 David
2552 1852 2606 1896 et
2654 1842 2775 1897 dedi
2815 1841 2949 1896 illud
2996 1841 3125 1908 tibi,
3191 1850 3247 1896 et
3290 1858 3395 1896 non

134 1942 295 2007 fuisti
328 1942 470 1996 sicut
490 1955 680 1996 servus
717 1955 872 1995 meus
898 1938 1087 2004 David,
1112 1939 1204 2009 qui
1236 1937 1530 1993 custodivit
1581 1936 1835 1993 mandata
1886 1953 2026 2005 mea,
2066 1948 2119 1994 et
2140 1950 2358 1995 secutus
2383 1947 2468 1994 est
2505 1954 2590 1992 me
2616 1938 2667 1992 in
2700 1946 2812 1993 toto
2841 1937 3006 1993 corde
3039 1951 3159 2003 suo,
3194 1935 3399 1992 faciens

136 2035 289 2103 quod
316 2034 572 2104 placitum
603 2043 747 2089 esset
773 2034 826 2088 in
853 2041 1143 2103 conspectu
1176 2047 1315 2088 meo.

106 2252 115 2257 .
141 2191 217 2255 Β(
248 2206 342 2242 πυ
361 2204 375 2219 ⁶
403 2189 497 2242 καὶ
518 2187 842 2261 ὲπορεύθης,
885 2186 979 2241 καὶ
1001 2186 1262 2256 ἐποίησας
1314 2184 1524 2256 σεαυτῷ
1567 2183 1724 2246 θεοὺς

137 2284 211 2345 5(
244 2279 468 2350 ἐτέρους
492 2281 585 2332 καὶ
610 2278 856 2349 χωνευτὰ
886 2279 981 2332 τοῦ
1014 2279 1343 2350 παροργεσαι
1376 2295 1464 2348 με,
1501 2278 1593 2329 καὶ
1626 2277 1725 2347 ἐμὲ

137 2373 212 2437 Χ
246 2368 479 2440 ἔρριψας
510 2368 687 2421 ὀπίσω
716 2383 829 2421 σου.

140 2725 215 2789 »ξ
247 2718 513 2789 οὐροῧντα
545 2716 680 2787 πρὸς
709 2718 907 2787 τοῖχον,
976 2716 1301 2787 ὲπεχόμενον
1361 2717 1452 2770 καὶ
1497 2718 1725 2771 καταλε-

140 2816 214 2878 >ε<
248 2809 543 2879 λειμμένον
581 2810 641 2861 ὲν
677 2808 910 2880 Ἰσραὴλ,
941 2808 1035 2862 καὶ
1068 2809 1299 2875 ὲπιλέξω
1329 2810 1421 2862 ἐπὶ
1444 2810 1591 2863 οἴκου
1628 2811 1725 2862 Ἰε-

138 2904 215 2966 x
254 2899 469 2970 ροὸοὰμ
502 2898 685 2962 καθὼς
721 2898 1034 2967 ὲπιλέγεται
1061 2901 1093 2968 ἡ
1123 2898 1349 2970 κόπρος,
1380 2898 1486 2963 ἕως
1513 2900 1731 2953 τελειω-

138 2996 213 3058 ὶί
245 2990 409 3061 θῆναι
442 2990 625 3043 αὐτόν.

1832 2183 1898 2249 ῖς(
1930 2179 2059 2234 dum
2094 2194 2203 2245 me,
2237 2187 2291 2233 et
2317 2192 2399 2232 me
2428 2174 2700 2248 proiecisti
2722 2185 2844 2247 post
2869 2184 2937 2233 te.
2978 2176 3129 2243 Vulg.
3158 2176 3259 2231 Sed
3278 2191 3401 2245 ope-

1832 2281 1983 2325 ratus
2009 2283 2068 2324 es
2102 2268 2244 2322 mala
2282 2283 2442 2336 super
2488 2282 2675 2323 omnes
2705 2266 2796 2338 qui
2831 2266 3051 2322 fuerunt
3085 2277 3207 2322 ante
3239 2279 3312 2330 te,
3348 2276 3403 2321 et

1833 2360 2009 2415 fecisti
2044 2359 2143 2414 tibi
2166 2360 2295 2416 deos
2317 2361 2523 2415 alienos
2550 2368 2604 2414 et
2645 2359 2965 2425 conﬂatiles,
2994 2366 3053 2413 ut
3080 2374 3164 2413 me
3198 2359 3264 2412 ad
3293 2359 3401 2412 ira-

1835 2453 2088 2508 cundiam
2113 2467 2461 2521 provocares,
2497 2467 2585 2508 me
2608 2465 2786 2507 autem
2812 2452 3086 2523 projecisti
3122 2462 3244 2520 post
3272 2467 3397 2505 cor-

1835 2562 1936 2616 pus
1959 2552 2134 2599 tuum.

1834 2723 1901 2787 )ι(
1931 2736 2097 2791 super
2126 2721 2342 2777 domum
2369 2719 2837 2785 Jeioboam,sicut
2867 2721 3138 2790 colligitur
3169 2727 3397 2786 stercus,

1834 2811 1901 2878 >ε<
1934 2812 2108 2867 donec
2133 2821 2489 2881 consumptus
2520 2810 2699 2865 fuerit.
2730 2809 2881 2881 Vulg.
2912 2810 3116 2865 Idcirco
3132 2826 3274 2866 ~ecee
3301 2826 3400 2881 ego

1837 2903 2091 2957 inducam
2115 2904 2254 2958 mala
2292 2918 2454 2973 super
2502 2904 2721 2959 domum
2770 2900 3079 2967 Jeroboam,
3124 2909 3178 2956 et
3213 2915 3404 2972 percu-

1838 2993 1969 3047 tiam
2000 2993 2066 3047 de
2096 2992 2385 3049 Jeroboam
2410 2994 2738 3065 mingentem
2771 2993 2838 3048 ad
2888 2993 3145 3063 parietem
3172 3002 3227 3047 et
3253 2992 3401 3048 clau-

1839 3092 2056 3145 sum,et
2072 3085 2431 3141 novissimum
2462 3086 2515 3140 in
2550 3084 2713 3140 Israel
2741 3103 2754 3139 :
2786 3092 2839 3139 et
2861 3083 3132 3140 mundabo
3148 3081 3402 3154 reliquias

136 3174 350 3230 domus
384 3173 671 3232 Jeroboam
704 3174 846 3230 sicut
872 3173 1124 3229 mundari
1160 3174 1299 3231 solet
1360 3173 1520 3231 timus
1556 3191 1728 3246 usque
1763 3177 1829 3233 ad
1855 3194 2073 3248 purum.

145 3430 219 3491 )9:
251 3442 345 3477 ται
372 3425 421 3477 οι
455 3424 636 3489 κύνες,
664 3425 757 3477 καὶ
786 3423 877 3477 τὸν
898 3423 1199 3496 τεθνηκότα
1239 3425 1296 3477 ὲν
1328 3424 1407 3492 τῷ
1454 3425 1607 3497 ἀγρῳ
1637 3443 1733 3480 κα-

146 3522 221 3583 )ι(
244 3515 554 3585 ταφὰγεται
590 3514 660 3569 τὰ
696 3516 915 3570 πετεινὰ
956 3515 1051 3569 τοῦ
1091 3517 1321 3588 οὐρανοῦ
1350 3534 1362 3547 ·
1402 3518 1485 3571 ὅτι
1534 3517 1733 3588 Κύριος

146 3613 222 3677 3v:
256 3607 493 3678 ὲλάλησε

150 3868 225 3934 ᾖ(
261 3866 344 3928 cl;
369 3860 516 3919 οἶκόν
542 3882 657 3920 σου.
704 3867 791 3919 Ἐν
821 3862 899 3938 τῷ
932 3867 1273 3938 εἰσέρχεσθαι
1296 3870 1421 3934 τοὺς
1449 3870 1613 3935 πόδας
1642 3886 1735 3922 σου

152 3960 228 4023 ᾖ(
255 3957 358 4027 τὴν
389 3956 544 4009 πόλιν
574 3957 922 4011 ἀποθανεῖται
944 3958 1005 4011 τὸ
1035 3959 1337 4030 παιδάριον.

155 4200 231 4265 Χ
266 4197 393 4250 Ὀτι
421 4190 573 4261 οὗτος
604 4196 762 4269 μόνος
788 4198 1153 4254 εἰσελεύσεται
1176 4199 1253 4270 τῷ
1290 4199 1569 4271 Ἰεροῦοὰμ
1603 4200 1737 4271 πρὸς

156 4294 235 4358 Χ
263 4288 461 4357 τάφον,
488 4290 568 4343 ὅτι
599 4289 795 4361 εὑρέθη
842 4292 899 4343 ὲν
924 4291 1071 4362 αὐτῷ
1106 4291 1256 4362 ῥῆμα
1279 4292 1441 4343 καλὸν
1489 4292 1616 4361 περὶ
1640 4290 1734 4344 τοῦ

160 4387 235 4450 Ξ(
262 4383 471 4453 Κυρίου
502 4381 636 4435 Θεοῦ
684 4382 895 4453 Ἰσραὴλ
929 4385 986 4436 ἐν
1018 4383 1152 4454 οἴκῳ
1194 4382 1494 4455 Ἱεροϐοάμ.

1840 3432 1908 3499 >ε<
1938 3446 2067 3487 aves
2089 3432 2235 3499 coeli,
2264 3432 2394 3504 quia
2427 3432 2689 3488 Dominus
2712 3432 2927 3487 locutus
2958 3439 3058 3486 est.
3117 3430 3269 3502 Vulg.
3299 3429 3404 3497 Qui

1840 3529 2043 3583 mortui
2100 3526 2303 3582 fuerint
2334 3525 2401 3581 de
2443 3524 2729 3581 Jeroboam
2765 3525 2819 3580 in
2849 3524 3084 3591 civitate,
3118 3523 3406 3579 comedent

1842 3634 1939 3675 eos
1966 3633 2168 3675 canes:
2210 3618 2304 3689 qui
2332 3625 2513 3672 autem
2550 3618 2750 3672 mortui
2778 3615 2982 3671 fuerint
3024 3616 3081 3670 in
3125 3630 3276 3688 agro,
3301 3632 3398 3671 vo-

1839 3710 2039 3767 rabunt
2064 3724 2159 3765 eos
2180 3724 2308 3765 aves
2354 3709 2476 3764 coeli
2504 3723 2516 3760 :
2543 3708 2669 3779 quia
2700 3707 2961 3764 Dominus
2990 3708 3204 3764 locutus
3232 3716 3332 3764 est.

1842 3868 1909 3938 ᾖ(
1944 3868 2116 3921 rietur
2144 3864 2421 3936 puerulus.
2466 3862 2617 3934 Vulg.
2666 3862 2746 3919 Tu
2778 3863 2945 3935 igitur
2967 3880 3150 3935 surge,
3184 3874 3237 3920 et
3271 3849 3408 3919 Vtile

1844 3959 1898 4011 in
1925 3957 2147 4010 domum
2180 3965 2327 4008 tuam
2364 3972 2377 4007 :
2406 3962 2458 4007 et
2490 3953 2542 4006 in
2576 3953 2694 4022 ipso
2724 3953 2944 4008 introitu
2970 3958 3164 4024 pedum
3189 3963 3406 4009 tuorum

1848 4047 1905 4100 in
1932 4047 2140 4109 urbem,
2164 4047 2427 4101 morietur
2452 4056 2606 4113 puer.

1848 4204 1917 4271 >ε<
1940 4199 2111 4257 Deum
2142 4204 2309 4259 Israel
2341 4204 2396 4258 in
2418 4204 2582 4260 domo
2614 4202 2923 4259 Ieroboam.
2968 4199 3119 4270 Vulg.
3154 4198 3219 4253 Et
3250 4198 3406 4269 plan-

1848 4301 1939 4363 get
1954 4308 2078 4347 eum
2124 4294 2305 4349 omnis
2330 4294 2516 4361 Israel,
2557 4302 2614 4349 et
2642 4292 2865 4362 sepeliet
2896 4310 2909 4345 :
2941 4290 3042 4347 iste
3072 4289 3215 4344 enim
3261 4288 3410 4343 solus

1848 4386 2115 4441 inferetur
2147 4386 2213 4440 de
2238 4384 2529 4440 Jeroboam
2568 4384 2621 4437 in
2662 4382 2967 4453 sepulcrum
2990 4422 3005 4447 ,
3045 4380 3171 4450 quia
3225 4379 3412 4433 inven-

1851 4488 1939 4533 tus
1966 4488 2049 4533 est
2083 4492 2247 4546 super
2274 4492 2341 4532 eo
2369 4491 2548 4531 sermo
2575 4476 2752 4531 bonus
2776 4489 2806 4528 a
2832 4472 3061 4529 Domino
3092 4471 3202 4526 Deo
3225 4469 3409 4536 Israel,

1850 4574 1905 4627 in
1930 4571 2094 4627 domo
2131 4568 2440 4624 .Ieroboam.

1860 4817 2015 4886 Vulg.
2053 4814 2351 4870 Constituit
2372 4822 2550 4867 autem
2582 4811 2683 4867 sibi
2742 4809 3002 4865 Dominus
3032 4824 3209 4879 regem
3249 4824 3411 4881 super

1852 4908 2040 4975 Israel,
2076 4909 2167 4977 qui
2195 4907 2460 4977 percutiet
2482 4905 2701 4959 domum
2734 4901 3019 4958 Jeroboam
3044 4902 3096 4955 in
3122 4902 3221 4956 hac
3240 4902 3345 4968 die,
3360 4910 3412 4956 et

1852 5005 1906 5058 in
1935 5006 2037 5059 hoc
2064 5013 2304 5072 tempore

161 4828 237 4891 Χ
266 4825 326 4887 ὃς
364 4822 553 4893 πλήξει
592 4823 682 4876 τὸν
720 4817 865 4875 οἷκον
907 4819 1187 4892 Ὶεροὸοὰμ
1226 4819 1398 4892 ταύτῃ
1428 4822 1493 4890 τῇ
1536 4819 1738 4889 ἡμέρᾳ,

162 4917 236 4981 3K
265 4913 365 4966 καὶ
396 4911 475 4965 ἔτι
504 4912 659 4981 καίγε
686 4912 799 4968 νῦν.

166 5264 241 5327 >οί
268 5260 330 5312 ὲν
363 5256 536 5323 ὕδατι,
592 5258 685 5312 καὶ
716 5258 918 5311 ὲκτιλεῖ
947 5258 1038 5311 τὸν
1075 5259 1294 5330 Ἰσραὴλ
1339 5258 1445 5311 ἀπὸ
1492 5257 1603 5311 ἄνω
1651 5256 1728 5325 τῆς

1850 5239 2332 5321 )(deditpatribus
2342 5259 2555 5309 eorum,
2568 5252 2623 5299 et
2642 5241 2922 5298 ventilabit
2936 5255 3029 5297 eos
3042 5241 3110 5299 de
3138 5251 3287 5298 trans
3308 5242 3412 5297 llu-

167 5354 243 5418 x
272 5346 464 5419 χθὸνος
488 5347 587 5416 τῆς
608 5346 816 5417 ἀγαθῆς
848 5344 1074 5417 ταύτης,
1105 5341 1171 5416 ἦς
1194 5346 1361 5399 ἔδωκε
1399 5346 1510 5409 τοῖς
1540 5342 1723 5413 πατρά

1854 5348 1921 5414 >κ
1949 5359 2099 5410 men,
2120 5348 2402 5411 propterea
2454 5335 2600 5408 quod
2633 5334 2877 5389 fecerunt
2909 5334 3063 5390 lucos
3108 5350 3256 5401 suos,
3289 5349 3413 5404 pro-

168 5448 241 5511 Ξε(
274 5458 365 5495 σιν
396 5438 596 5504 αὐτῶν,
629 5438 720 5491 καὶ
754 5438 1009 5508 λικμήσει
1048 5438 1243 5500 αὐτοὺς
1293 5439 1398 5491 ἀπὸ
1442 5437 1613 5505 πέραν
1658 5435 1728 5488 toi

1856 5440 1922 5504 x
1951 5441 2212 5491 vocantes
2239 5429 2553 5484 Dominum.
2588 5426 2741 5497 Vulg.
2771 5425 2838 5481 Et
2864 5426 3131 5497 percutiet
3151 5425 3415 5481 Dominus

170 5538 244 5601 Ξ(
272 5529 525 5600 ποταμοῦ
577 5527 692 5581 ἀνθ’
733 5520 792 5580 οὗ
827 5528 949 5580 ὅσον
996 5527 1257 5599 ἐποίησαν
1295 5528 1363 5581 τὰ
1407 5527 1543 5596 ἄλση
1577 5523 1728 5579 αύτῶι

1850 5529 1997 5583 Deus
2038 5524 2226 5589 Israel,
2264 5524 2407 5577 sicut
2439 5519 2639 5575 moveri
2677 5519 2813 5574 solet
2860 5518 3069 5572 arundo
3123 5518 3177 5571 in
3228 5533 3366 5586 aqua
3400 5559 3411 5570 .

173 5629 245 5692 βε(
278 5620 716 5694 παροργίσαντες
743 5620 835 5673 τὸν
867 5619 1088 5690 Κύριον.

1852 5630 1905 5675 et
1927 5617 2120 5674 evellet
2156 5612 2320 5669 Israel
2350 5612 2417 5666 de
2458 5620 2600 5665 terra
2624 5611 2763 5665 bona
2792 5610 2915 5673 bac,
2947 5624 3108 5677 quam
3140 5607 3285 5664 dedit
3319 5624 3414 5677 pa«

175 5719 363 5773 tribus
388 5732 602 5785 eorum,
626 5722 678 5771 et
708 5713 989 5771 ventilabit
1020 5729 1114 5770 eos
1146 5723 1295 5770 trans
1343 5714 1540 5769 flumen
1575 5733 1584 5766 :
1624 5713 1749 5783 quia
1789 5711 2034 5769 fecerunt
2056 5707 2158 5765 sibi
2191 5707 2365 5771 lucos,
2407 5710 2465 5757 ut
2487 5703 2762 5758 irritarent
2786 5700 3093 5756 Dominum.
