3888 6214
401 290 510 349 255
1394 292 1865 351 HEXAPLORUM
1901 295 1936 361 0

2116 292 2529 351 SUPERSUNT.
3539 285 3651 341 258

1470 411 1724 472 CAPUT
1751 412 1868 473 XV
1905 412 2054 473 LIB.
2089 412 2115 471 Ι
2154 412 2521 474 PARALIP.

661 503 747 559 ΤΟ
784 504 1150 563 ΕΒΡΑΙΚΟΝ.
1790 511 1877 563 ΤΟ
1919 509 2268 565 ΕΒΡΑΙΚΟΝ
2998 506 3291 562 ΑΚΥΔΔΣ.

1689 580 2017 651 Ἑλληνικοῖς
2054 582 2363 653 γράμμασι.

1024 680 1097 730 Ὠ
1128 678 1261 731 TEJN
1298 670 1365 724 27
1577 672 1669 726 27.

1600 672 1669 726 n.
2690 669 2779 723 27.
2817 667 3135 740 Ἐπένδυμα.

478 826 728 885 VERSIO
758 826 1083 887 HEBRAICI
1125 832 1328 889 TEXT.
1702 832 2032 889 VULGATA
2061 832 2328 891 LATINA.
3046 831 3307 901 QQUILA.

465 922 555 976 27.
589 922 779 994 prod
806 924 1029 982 lineum.
1577 924 1666 980 27.
1709 926 1895 996 prod
1931 925 2093 982 lineo.
2692 921 2784 980 27.
2811 922 3357 995 Superindumentum

1928 1088 2111 1149 Nota.

469 1183 534 1246 V.
566 1170 655 1242 97.
712 1190 813 1257 Ἀ.,
843 1190 1120 1261 ὲπένδυμα
1154 1199 1258 1247 etc.
1291 1190 1399 1249 llas
1444 1191 1702 1248 lectiones
1756 1193 1973 1249 exhibet

752 1191 813 1257 l.,
843 1190 1120 1261 ὲπένδυμα
1154 1199 1258 1247 etc.
1291 1190 1399 1249 llas
1444 1191 1702 1248 lectiones
1756 1193 1973 1249 exhibet
2010 1192 2132 1249 cod.
2159 1192 2287 1263 Reg.

1472 1370 1726 1434 CAPUT
1759 1371 1904 1433 XVI
1943 1372 2089 1432 LIB.
2124 1372 2150 1432 ι
2185 1370 2575 1451 PARALIP,

664 1471 751 1524 ΤΟ
787 1470 1155 1527 ΕΒΡΑΙΚΟΝ.
1792 1472 1878 1523 ΤΟ
1917 1471 2199 1523 EBPAIKC

1792 1472 1878 1523 ΤΟ
1917 1468 2265 1523 ΕΒΡΛΙΚΟΝ
2984 1464 3270 1528 ΔΚΥΔΔΣ,

1698 1540 2019 1613 Ἑλληνικοῖς
2060 1540 2368 1612 γράμμασι.

818 1670 850 1695 ο
1064 1616 1289 1693 mn‘m
1330 1635 1355 1689 ι
1577 1635 1627 1691 ι.

1201 1643 1289 1693 nm
1330 1635 1355 1689 1
1577 1635 1627 1691 1.
2687 1632 2736 1686 1.

507 1862 761 1919 VERSIO
796 1864 1113 1923 HEBRAICI
1153 1867 1361 1924 TEXT.
1766 1867 2050 1923 ULGATA
2088 1866 2365 1922 LATINA.
3004 1860 3280 1932 AQUILA.

471 1956 524 2012 1.
567 1955 630 2011 Et
653 1956 899 2027 paciﬁca.
1577 1962 1627 2015 1.
1662 1959 1727 2017 Ει
1765 1962 2009 2029 paciﬁca.
2692 1958 2743 2013 1.

1938 2123 2115 2182 Nola.

1938 2139 2003 2182 Ν(

468 2214 534 2274 ν.
564 2219 615 2275 1.
644 2221 886 2287 Ἄλλος,
921 2220 1192 2291 εἰρηνικά.
1230 2220 1320 2277 Sic
1350 2222 1405 2276 in
1440 2222 1572 2277 edit.
1621 2221 1779 2277 Rom.
1816 2220 2001 2277 Videtu

1977 2139 2115 2183 i018.

1977 2238 2037 2275 ur
2060 2229 2242 2277 autem
2283 2237 2406 2279 esse
2443 2223 2621 2280 versio
2649 2224 2712 2277 Α.
2749 2220 2806 2276 S.
2840 2218 2941 2275 Th.
2974 2217 3067 2291 qui
3096 2216 3176 2274 sic
3206 2214 3512 2288 frequenter

1435 2404 1689 2466 CAPUT
1723 2405 1899 2466 XVII
1958 2404 2166 2465 LIBJ
2215 2405 2580 2466 PARALIP.

668 2500 756 2553 ΤΟ
794 2500 1158 2555 EBPAIKON.
1786 2503 1873 2555 ΤΟ
1914 2503 2203 2555 ΕΒΡΑΙΚΟ

1786 2503 1873 2555 ΤΟ
1914 2502 2258 2555 ΕΒΡΑΙΚΟΝ
2981 2496 3259 2554 ΔΚΥΛΔΣ

1690 2572 2018 2643 Ἑλληνικοῖς
2054 2572 2366 2643 γράμμασι.

593 2670 822 2747 3mm
856 2645 1101 2723 Enn-5n
1135 2644 1297 2721 5.1m
1334 2661 1369 2715 5
1579 2661 1633 2715 5.
1854 2738 1857 2739 ν
2692 2658 2745 2713 5.

403 2947 752 3029 rimari-‘7:
787 2976 870 3026 nn
904 2974 1059 3029 mw
1098 2946 1262 3047 ’πὺξ-ί
1294 2962 1435 3047 19m
1583 2962 1671 3018 to.
2689 2960 2774 3039 t9.

1294 3043 1438 3091 mm

502 3192 755 3249 VERSIO
790 3192 1107 3248 HEBRAICI
1147 3191 1351 3247 TEXT.
1716 3188 2043 3247 VULGATA
2094 3189 2363 3246 LATINA.
2986 3187 3261 3257 AQUILA.

474 3284 525 3341 5.
556 3284 627 3339 De
660 3286 890 3341 tentorio
935 3286 988 3340 in
1023 3284 1339 3350 tentorium,
1382 3292 1433 3338 et
1578 3283 1630 3337 5.
1680 3280 1895 3339 Mutans
1944 3284 2062 3338 loca
2097 3280 2453 3345 tabernaculi,
2490 3291 2546 3335 et
2690 3283 2742 3337 5.

403 3370 467 3413 ne
491 3356 857 3411 tabernaculo.
1505 3352 1558 3406 in
1588 3354 1835 3409 tentorio.

472 3586 557 3642 19.
593 3585 657 3641 Et
686 3586 980 3641 secundum
1021 3602 1116 3640 cor
1160 3595 1311 3641 tuum
1352 3584 1431 3640 fe-
1579 3585 1667 3640 19.
1703 3583 1863 3639 Juxta
1898 3600 1994 3640 cor
2027 3593 2176 3639 tuum
2224 3583 2398 3639 fecisti
2422 3597 2541 3638 om-
2690 3580 2778 3635 19.

404 3656 524 3714 cisti
568 3672 783 3713 omnem
815 3657 1243 3726 magnitudinem
1269 3658 1430 3711 hanc.
1511 3670 1634 3711 nem
1669 3656 2122 3725 magnilicentiam
2154 3658 2314 3711 hanc.

1070 3817 1245 3877 Notm
1274 3825 1335 3878 et
1364 3816 1556 3878 νεικείω
1592 3817 1903 3878 lectiones
1928 3815 2003 3877 ad
2040 3832 2177 3894 cap.
2214 3816 2389 3877 XVII
2426 3814 2537 3877 lib.
2572 3813 2597 3874 Ι
2632 3809 2899 3890 Paralip.

474 3915 541 3970 γ.
570 3914 622 3972 5.
650 3914 740 3971 Sic
767 3913 897 3988 Reg.
935 3926 991 3972 et
1034 3925 1176 3974 notae
1210 3918 1340 3975 edit.
1368 3918 1526 3974 Rom.
1565 3917 1693 3989 Reg.
1730 3918 1892 3974 habet
1920 3920 1978 3970 ἐν

847 3932 897 3988 g.
935 3926 991 3972 et
1034 3925 1176 3974 notae
1210 3918 1340 3975 edit.
1368 3918 1526 3974 Rom.
1565 3917 1693 3989 Reg.
1730 3918 1892 3974 habet
1920 3920 1978 3970 ἐν
2016 3916 2378 3987 καταλύματι.

1461 4092 1714 4157 CAPUT
1748 4093 1897 4153 XXI
1943 4093 2093 4154 LIB.
2143 4094 2167 4154 l
2201 4091 2563 4153 PARALIP.

677 4192 764 4246 ΤΟ
801 4192 1166 4249 ΕΒΡΑΙΚΟΝ.
1791 4190 1876 4244 ΤΟ
1916 4192 2209 4244 ΕΒΡΑΙΚΟ

1791 4190 1876 4244 T0
1916 4190 2260 4244 EBPAIKON
2964 4178 3282 4241 ἈΚΥΔΔΣ.

1696 4262 2025 4331 Ἑλληνικοῖς
2061 4262 2369 4331 γράμμασι.

523 4363 784 4417 ann-rm
818 4336 979 4435 ’βω-ι
1014 4365 1126 4415 'm
1156 4364 1300 4421 nim:
1334 4354 1367 4408 6
1582 4353 1635 4408 6.

1207 4365 1300 4419 Vn:
1334 4354 1367 4408 6
1582 4353 1635 4408 6.
2690 4349 2742 4404 6.

514 4652 764 4712 VERSIO
792 4654 1112 4710 HEBRAICI
1152 4652 1356 4709 TEXT.
1719 4651 2045 4709 VULGATA
2082 4650 2357 4709 LATINA.
3009 4651 3282 4722 AQUILA.

480 4745 534 4802 6.
598 4748 973 4806 Abominabile
1042 4746 1147 4803 fuit
1224 4747 1444 4802 verbum
1589 4745 1642 4800 6.
1695 4746 1773 4802 Eo
1830 4749 1975 4816 quod
2024 4746 2159 4803 Joab
2210 4748 2414 4802 invitus
2456 4761 2551 4801 ex-
2698 4746 2752 4803 6.

413 4818 555 4890 regis
580 4819 682 4890 ipsi
713 4818 869 4876 Joab.
1519 4828 1834 4887 sequeretur
1862 4818 2007 4890 regis
2041 4819 2349 4889 imperium.

1938 5054 2117 5117 Nota.

492 5155 553 5216 V.
583 5157 638 5218 6.‘
674 5159 899 5216 Ἀλλορ
950 5160 1317 5233 προσώχθισεν
1349 5161 1377 5215 ὁ
1398 5158 1575 5229 λόγος.
1606 5155 1667 5213 In
1690 5157 1831 5216 notis
1852 5159 1983 5215 edit.
2026 5208 2027 5211 η

2026 5158 2184 5217 Rom.
2219 5158 2351 5231 Reg.
2389 5173 2517 5219 vero
2541 5159 2639 5230 sic,
2671 5160 2732 5214 τὸ
2761 5159 2816 5231 δὲ
2846 5159 2997 5233 ῥῆμα
3024 5158 3116 5213 τοῦ
3152 5152 3411 5231 βασιλέως
3437 5166 3546 5213 etc.
