  <div class='ocr_page' id='page_1' title='image "/cluster/home/n/w/nwhite01/storage/ocr_20150623/16 pt.1/nnc1.0046978798/140.png"; bbox 0 0 3888 6214; ppageno 0'>
   <div class='ocr_carea' id='block_1_1' title="bbox 124 344 2305 406">
    <p class='ocr_par' dir='ltr' id='par_1_1' title="bbox 124 344 2305 406">
     <span class='ocr_line' id='line_1_1' title="bbox 124 344 2305 406; baseline -0.001 -2"><span class='ocrx_word' id='word_1_1' title='bbox 124 351 230 406; x_wconf 72' lang='grc' dir='ltr'><strong>ὲΰι</strong></span> <span class='ocrx_word' id='word_1_2' title='bbox 1245 346 1421 401; x_wconf 89' lang='lat' dir='ltr'><strong>LlB.I</strong></span> <span class='ocrx_word' id='word_1_3' title='bbox 1460 344 1779 401; x_wconf 79' lang='lat' dir='ltr'><strong>PARALIP.</strong></span> <span class='ocrx_word' id='word_1_4' title='bbox 1818 345 2049 402; x_wconf 87' lang='lat' dir='ltr'><strong>CAPUT</strong></span> <span class='ocrx_word' id='word_1_5' title='bbox 2090 345 2305 402; x_wconf 86' lang='lat' dir='ltr'><strong>XXVII.</strong></span> 
     </span>
    </p>
   </div>
   <div class='ocr_carea' id='block_1_2' title="bbox 1182 433 2379 521">
    <p class='ocr_par' dir='ltr' id='par_1_2' title="bbox 1182 433 2379 521">
     <span class='ocr_line' id='line_1_2' title="bbox 1182 433 2379 521; baseline -0.002 -2"><span class='ocrx_word' id='word_1_6' title='bbox 1182 459 1441 520; x_wconf 85' lang='lat' dir='ltr'><strong>CAPUT</strong></span> <span class='ocrx_word' id='word_1_7' title='bbox 1490 433 1675 520; x_wconf 79' lang='lat' dir='ltr'><strong>XXII</strong></span> <span class='ocrx_word' id='word_1_8' title='bbox 1734 460 1947 519; x_wconf 87' lang='lat' dir='ltr'><strong>LlB.I</strong></span> <span class='ocrx_word' id='word_1_9' title='bbox 2006 459 2379 521; x_wconf 81' lang='lat' dir='ltr'><strong>PARALIP.</strong></span> 
     </span>
    </p>
   </div>
   <div class='ocr_carea' id='block_1_3' title="bbox 460 559 3103 617">
    <p class='ocr_par' dir='ltr' id='par_1_3' title="bbox 460 559 3103 617">
     <span class='ocr_line' id='line_1_3' title="bbox 460 559 3103 617; baseline 0 -3"><span class='ocrx_word' id='word_1_10' title='bbox 460 563 757 617; x_wconf 79' lang='grc' dir='ltr'><strong>ΣΥΜΜΔΧ</strong></span> <span class='ocrx_word' id='word_1_11' title='bbox 764 563 866 617; x_wconf 84' lang='grc' dir='ltr'><strong>ΟΣ.</strong></span> <span class='ocrx_word' id='word_1_12' title='bbox 1748 559 1804 610; x_wconf 91' lang='lat' dir='ltr'><strong>O’</strong></span> <span class='ocrx_word' id='word_1_13' title='bbox 1811 599 1825 611; x_wconf 93' lang='lat'><strong>.</strong></span> <span class='ocrx_word' id='word_1_14' title='bbox 2706 560 3103 615; x_wconf 82' lang='grc' dir='ltr'><strong>ΘΕΟΔΟΤΙΩΝ.</strong></span> 
     </span>
    </p>
   </div>
   <div class='ocr_carea' id='block_1_4' title="bbox 215 718 2544 789">
    <p class='ocr_par' dir='ltr' id='par_1_4' title="bbox 215 718 2544 789">
     <span class='ocr_line' id='line_1_4' title="bbox 215 718 2544 789; baseline -0.001 -12"><span class='ocrx_word' id='word_1_15' title='bbox 215 724 306 778; x_wconf 80' lang='grc'><strong>15.</strong></span> <span class='ocrx_word' id='word_1_16' title='bbox 1340 720 1425 775; x_wconf 83' lang='grc'><strong>15.</strong></span> <span class='ocrx_word' id='word_1_17' title='bbox 1453 721 1565 773; x_wconf 77' lang='grc' dir='ltr'><strong>Καὶ</strong></span> <span class='ocrx_word' id='word_1_18' title='bbox 1629 719 1767 789; x_wconf 85' lang='grc' dir='ltr'>μετὰ</span> <span class='ocrx_word' id='word_1_19' title='bbox 1814 719 1908 771; x_wconf 82' lang='grc' dir='ltr'><strong>σοῦ</strong></span> <span class='ocrx_word' id='word_1_20' title='bbox 1962 718 2197 789; x_wconf 82' lang='grc' dir='ltr'>πρόσθες</span> <span class='ocrx_word' id='word_1_21' title='bbox 2233 722 2313 782; x_wconf 82' lang='grc' dir='ltr'>εἰς</span> <span class='ocrx_word' id='word_1_22' title='bbox 2457 720 2544 774; x_wconf 88' lang='grc'><strong>15.</strong></span> 
     </span>
    </p>
   </div>
   <div class='ocr_carea' id='block_1_5' title="bbox 1267 789 2311 869">
    <p class='ocr_par' dir='ltr' id='par_1_5' title="bbox 1267 789 2311 869">
     <span class='ocr_line' id='line_1_5' title="bbox 1267 789 2311 869; baseline 0.002 -27"><span class='ocrx_word' id='word_1_23' title='bbox 1267 790 1487 859; x_wconf 79' lang='grc' dir='ltr'>πλῆθος.</span> <span class='ocrx_word' id='word_1_24' title='bbox 1518 789 1880 869; x_wconf 39' lang='grc' dir='ltr'><strong>ᾍνρλοικκαὶ-</strong></span> <span class='ocrx_word' id='word_1_25' title='bbox 1898 790 2052 869; x_wconf 44' lang='grc' dir='ltr'><strong>⁸μλείιτὰ</strong></span> <span class='ocrx_word' id='word_1_26' title='bbox 2079 789 2171 842; x_wconf 80' lang='grc' dir='ltr'><strong>σοῦ</strong></span> <span class='ocrx_word' id='word_1_27' title='bbox 2200 790 2311 844; x_wconf 86' lang='grc' dir='ltr'><strong>Κύ-</strong></span> 
     </span>
    </p>
   </div>
   <div class='ocr_carea' id='block_1_6' title="bbox 1270 858 2047 932">
    <p class='ocr_par' dir='ltr' id='par_1_6' title="bbox 1270 858 2047 932">
     <span class='ocr_line' id='line_1_6' title="bbox 1270 858 2047 932; baseline 0.001 -19"><span class='ocrx_word' id='word_1_28' title='bbox 1270 858 1384 932; x_wconf 78' lang='grc' dir='ltr'>ριος</span> <span class='ocrx_word' id='word_1_29' title='bbox 1405 877 1417 890; x_wconf 90' lang='grc'><strong>·</strong></span> <span class='ocrx_word' id='word_1_30' title='bbox 1455 860 1686 930; x_wconf 73' lang='grc' dir='ltr'>πρόσθες</span> <span class='ocrx_word' id='word_1_31' title='bbox 1718 860 1798 922; x_wconf 81' lang='grc' dir='ltr'>εἰς</span> <span class='ocrx_word' id='word_1_32' title='bbox 1823 858 2047 929; x_wconf 80' lang='grc' dir='ltr'>πλῆθος.</span> 
     </span>
    </p>
   </div>
   <div class='ocr_carea' id='block_1_7' title="bbox 440 949 2127 1010">
    <p class='ocr_par' dir='ltr' id='par_1_7' title="bbox 440 949 2127 1010">
     <span class='ocr_line' id='line_1_7' title="bbox 440 949 2127 1010; baseline -0.003 0"><span class='ocrx_word' id='word_1_33' title='bbox 440 953 893 1010; x_wconf 76' lang='lat' dir='ltr'><strong>SYMMACIIUS.</strong></span> <span class='ocrx_word' id='word_1_34' title='bbox 1442 950 1586 1005; x_wconf 88' lang='lat' dir='ltr'><strong>LXX</strong></span> <span class='ocrx_word' id='word_1_35' title='bbox 1623 949 2127 1007; x_wconf 80' lang='lat' dir='ltr'><strong>INTERPRETES.</strong></span> 
     </span>
    </p>
   </div>
   <div class='ocr_carea' id='block_1_8' title="bbox 222 1044 2543 1101">
    <p class='ocr_par' dir='ltr' id='par_1_8' title="bbox 222 1044 2543 1101">
     <span class='ocr_line' id='line_1_8' title="bbox 222 1044 2543 1101; baseline -0.001 0"><span class='ocrx_word' id='word_1_36' title='bbox 222 1047 313 1101; x_wconf 80' lang='grc'><strong>15.</strong></span> <span class='ocrx_word' id='word_1_37' title='bbox 1317 1046 1432 1099; x_wconf 69' lang='lat'><strong>’15.</strong></span> <span class='ocrx_word' id='word_1_38' title='bbox 1480 1044 1543 1097; x_wconf 89' lang='lat' dir='ltr'><strong>Et</strong></span> <span class='ocrx_word' id='word_1_39' title='bbox 1588 1053 1764 1099; x_wconf 99' lang='lat' dir='ltr'><strong>tecum</strong></span> <span class='ocrx_word' id='word_1_40' title='bbox 1812 1045 1950 1099; x_wconf 89' lang='lat' dir='ltr'><strong>adde</strong></span> <span class='ocrx_word' id='word_1_41' title='bbox 1985 1047 2037 1099; x_wconf 91' lang='lat' dir='ltr'><strong>in</strong></span> <span class='ocrx_word' id='word_1_42' title='bbox 2067 1046 2312 1100; x_wconf 88' lang='lat' dir='ltr'><strong>multitu—</strong></span> <span class='ocrx_word' id='word_1_43' title='bbox 2457 1046 2543 1101; x_wconf 80' lang='grc'><strong>15.</strong></span> 
     </span>
    </p>
   </div>
   <div class='ocr_carea' id='block_1_9' title="bbox 1271 1114 2308 1178">
    <p class='ocr_par' dir='ltr' id='par_1_9' title="bbox 1271 1114 2308 1178">
     <span class='ocr_line' id='line_1_9' title="bbox 1271 1114 2308 1178; baseline -0.001 -7"><span class='ocrx_word' id='word_1_44' title='bbox 1271 1116 1420 1171; x_wconf 87' lang='lat' dir='ltr'><strong>dine.</strong></span> <span class='ocrx_word' id='word_1_45' title='bbox 1475 1114 1622 1178; x_wconf 81' lang='lat' dir='ltr'><strong>Alii,</strong></span> <span class='ocrx_word' id='word_1_46' title='bbox 1678 1124 1731 1168; x_wconf 91' lang='lat' dir='ltr'><strong>et</strong></span> <span class='ocrx_word' id='word_1_47' title='bbox 1786 1125 1963 1169; x_wconf 87' lang='lat' dir='ltr'><strong>tecum</strong></span> <span class='ocrx_word' id='word_1_48' title='bbox 2005 1116 2308 1172; x_wconf 88' lang='lat' dir='ltr'><strong>Dominus:</strong></span> 
     </span>
    </p>
   </div>
   <div class='ocr_carea' id='block_1_10' title="bbox 1273 1184 1893 1242">
    <p class='ocr_par' dir='ltr' id='par_1_10' title="bbox 1273 1184 1893 1242">
     <span class='ocr_line' id='line_1_10' title="bbox 1273 1184 1893 1242; baseline -0.002 0"><span class='ocrx_word' id='word_1_49' title='bbox 1273 1188 1409 1242; x_wconf 85' lang='lat' dir='ltr'><strong>addc</strong></span> <span class='ocrx_word' id='word_1_50' title='bbox 1444 1186 1498 1239; x_wconf 90' lang='lat' dir='ltr'><strong>in</strong></span> <span class='ocrx_word' id='word_1_51' title='bbox 1527 1184 1893 1241; x_wconf 74' lang='lat' dir='ltr'><strong>multitudine.</strong></span> 
     </span>
    </p>
   </div>
   <div class='ocr_carea' id='block_1_11' title="bbox 2697 949 3106 1010">
    <p class='ocr_par' dir='ltr' id='par_1_11' title="bbox 2697 949 3106 1010">
     <span class='ocr_line' id='line_1_11' title="bbox 2697 949 3106 1010; baseline 0.012 -5"><span class='ocrx_word' id='word_1_52' title='bbox 2697 949 3106 1010; x_wconf 89' lang='lat' dir='ltr'><strong>TIIEODOTIO.</strong></span> 
     </span>
    </p>
   </div>
   <div class='ocr_carea' id='block_1_12' title="bbox 1148 1541 2369 1608">
    <p class='ocr_par' dir='ltr' id='par_1_12' title="bbox 1148 1541 2369 1608">
     <span class='ocr_line' id='line_1_12' title="bbox 1148 1541 2369 1608; baseline -0.003 0"><span class='ocrx_word' id='word_1_53' title='bbox 1148 1544 1405 1608; x_wconf 82' lang='lat' dir='ltr'>CAPUT</span> <span class='ocrx_word' id='word_1_54' title='bbox 1450 1544 1664 1607; x_wconf 83' lang='lat' dir='ltr'><strong>XXIV</strong></span> <span class='ocrx_word' id='word_1_55' title='bbox 1725 1541 1876 1603; x_wconf 87' lang='lat' dir='ltr'><strong>LIB.</strong></span> <span class='ocrx_word' id='word_1_56' title='bbox 1928 1543 1952 1603; x_wconf 93' lang='grc' dir='ltr'>Ι</span> <span class='ocrx_word' id='word_1_57' title='bbox 2000 1543 2369 1605; x_wconf 82' lang='lat' dir='ltr'><strong>PARALIP.</strong></span> 
     </span>
    </p>
   </div>
   <div class='ocr_carea' id='block_1_13' title="bbox 467 1647 3107 1710">
    <p class='ocr_par' dir='ltr' id='par_1_13' title="bbox 467 1647 3107 1710">
     <span class='ocr_line' id='line_1_13' title="bbox 467 1647 3107 1710; baseline 0.003 -8"><span class='ocrx_word' id='word_1_58' title='bbox 467 1648 872 1704; x_wconf 81' lang='grc' dir='ltr'><strong>ΣΥΜΜΑΧΟΣ.</strong></span> <span class='ocrx_word' id='word_1_59' title='bbox 1759 1647 1835 1699; x_wconf 85' lang='lat'><strong>0‘.</strong></span> <span class='ocrx_word' id='word_1_60' title='bbox 2710 1651 3107 1710; x_wconf 82' lang='grc' dir='ltr'><strong>ΘΕΟΔΟΤΙΩΝ.</strong></span> 
     </span>
    </p>
   </div>
   <div class='ocr_carea' id='block_1_14' title="bbox 233 1807 2512 1880">
    <p class='ocr_par' dir='ltr' id='par_1_14' title="bbox 233 1807 2512 1880">
     <span class='ocr_line' id='line_1_14' title="bbox 233 1807 2512 1880; baseline 0.003 -23"><span class='ocrx_word' id='word_1_61' title='bbox 233 1809 284 1868; x_wconf 71' lang='grc'><strong>1,</strong></span> <span class='ocrx_word' id='word_1_62' title='bbox 1342 1808 1393 1861; x_wconf 93' lang='grc'><strong>1.</strong></span> <span class='ocrx_word' id='word_1_63' title='bbox 1421 1808 1531 1860; x_wconf 78' lang='grc' dir='ltr'><strong>Καὶ</strong></span> <span class='ocrx_word' id='word_1_64' title='bbox 1554 1807 1857 1880; x_wconf 16' lang='grc' dir='ltr'>τοὺςᾼύὶοὺς</span> <span class='ocrx_word' id='word_1_65' title='bbox 1894 1807 2102 1879; x_wconf 84' lang='grc' dir='ltr'>’Λαρὼν</span> <span class='ocrx_word' id='word_1_66' title='bbox 2126 1808 2317 1880; x_wconf 72' lang='grc' dir='ltr'><strong>διᾳιρέ-</strong></span> <span class='ocrx_word' id='word_1_67' title='bbox 2465 1813 2512 1865; x_wconf 85' lang='grc' dir='ltr'><strong>Ι.</strong></span> 
     </span>
    </p>
   </div>
   <div class='ocr_carea' id='block_1_15' title="bbox 1272 1877 2315 1948">
    <p class='ocr_par' dir='ltr' id='par_1_15' title="bbox 1272 1877 2315 1948">
     <span class='ocr_line' id='line_1_15' title="bbox 1272 1877 2315 1948; baseline 0.003 -18"><span class='ocrx_word' id='word_1_68' title='bbox 1272 1895 1373 1931; x_wconf 87' lang='grc' dir='ltr'>σει.</span> <span class='ocrx_word' id='word_1_69' title='bbox 1407 1879 1641 1948; x_wconf 81' lang='grc' dir='ltr'>Ἄλλος,</span> <span class='ocrx_word' id='word_1_70' title='bbox 1685 1877 1916 1948; x_wconf 86' lang='grc' dir='ltr'>Ἀαρὼν,</span> <span class='ocrx_word' id='word_1_71' title='bbox 1951 1877 2045 1931; x_wconf 73' lang='grc' dir='ltr'><strong>κὰὶ</strong></span> <span class='ocrx_word' id='word_1_72' title='bbox 2075 1880 2131 1932; x_wconf 81' lang='grc' dir='ltr'><strong>αἱ</strong></span> <span class='ocrx_word' id='word_1_73' title='bbox 2176 1877 2315 1933; x_wconf 80' lang='grc' dir='ltr'><strong>διοιι-</strong></span> 
     </span>
    </p>
   </div>
   <div class='ocr_carea' id='block_1_16' title="bbox 1276 1947 1873 2019">
    <p class='ocr_par' dir='ltr' id='par_1_16' title="bbox 1276 1947 1873 2019">
     <span class='ocr_line' id='line_1_16' title="bbox 1276 1947 1873 2019; baseline 0 -19"><span class='ocrx_word' id='word_1_74' title='bbox 1276 1948 1453 2018; x_wconf 83' lang='grc' dir='ltr'>ρέσεις</span> <span class='ocrx_word' id='word_1_75' title='bbox 1477 1947 1608 2000; x_wconf 80' lang='grc' dir='ltr'>υἱῶν</span> <span class='ocrx_word' id='word_1_76' title='bbox 1647 1947 1873 2019; x_wconf 80' lang='grc' dir='ltr'>Ἀαρών.</span> 
     </span>
    </p>
   </div>
   <div class='ocr_carea' id='block_1_17' title="bbox 460 2039 2124 2099">
    <p class='ocr_par' dir='ltr' id='par_1_17' title="bbox 460 2039 2124 2099">
     <span class='ocr_line' id='line_1_17' title="bbox 460 2039 2124 2099; baseline -0.001 0"><span class='ocrx_word' id='word_1_77' title='bbox 460 2041 903 2099; x_wconf 76' lang='lat' dir='ltr'><strong>SYMMACIIUS.</strong></span> <span class='ocrx_word' id='word_1_78' title='bbox 1444 2040 1587 2093; x_wconf 85' lang='lat' dir='ltr'><strong>LXX</strong></span> <span class='ocrx_word' id='word_1_79' title='bbox 1620 2039 2124 2097; x_wconf 78' lang='lat' dir='ltr'><strong>INTERPRETES.</strong></span> 
     </span>
    </p>
   </div>
   <div class='ocr_carea' id='block_1_18' title="bbox 219 2134 2516 2196">
    <p class='ocr_par' dir='ltr' id='par_1_18' title="bbox 219 2134 2516 2196">
     <span class='ocr_line' id='line_1_18' title="bbox 219 2134 2516 2196; baseline 0.007 -18"><span class='ocrx_word' id='word_1_80' title='bbox 219 2134 276 2191; x_wconf 67' lang='grc'><strong>1,</strong></span> <span class='ocrx_word' id='word_1_81' title='bbox 1346 2135 1399 2189; x_wconf 85' lang='grc'><strong>1.</strong></span> <span class='ocrx_word' id='word_1_82' title='bbox 1434 2134 1501 2188; x_wconf 87' lang='lat' dir='ltr'><strong>Et</strong></span> <span class='ocrx_word' id='word_1_83' title='bbox 1540 2134 1884 2191; x_wconf 81' lang='lat' dir='ltr'><strong>[iliosAaron</strong></span> <span class='ocrx_word' id='word_1_84' title='bbox 1913 2137 2317 2193; x_wconf 88' lang='lat' dir='ltr'><strong>distributione.</strong></span> <span class='ocrx_word' id='word_1_85' title='bbox 2463 2141 2516 2196; x_wconf 85' lang='grc'><strong>1.</strong></span> 
     </span>
    </p>
   </div>
   <div class='ocr_carea' id='block_1_19' title="bbox 1271 2204 2317 2271">
    <p class='ocr_par' dir='ltr' id='par_1_19' title="bbox 1271 2204 2317 2271">
     <span class='ocr_line' id='line_1_19' title="bbox 1271 2204 2317 2271; baseline 0.007 -14"><span class='ocrx_word' id='word_1_86' title='bbox 1271 2204 1447 2268; x_wconf 80' lang='lat' dir='ltr'><strong>Alius,</strong></span> <span class='ocrx_word' id='word_1_87' title='bbox 1481 2204 1688 2271; x_wconf 84' lang='lat' dir='ltr'><strong>Aaron,</strong></span> <span class='ocrx_word' id='word_1_88' title='bbox 1724 2214 1778 2261; x_wconf 88' lang='lat' dir='ltr'><strong>et</strong></span> <span class='ocrx_word' id='word_1_89' title='bbox 1807 2208 2219 2264; x_wconf 80' lang='lat' dir='ltr'><strong>distributiones</strong></span> <span class='ocrx_word' id='word_1_90' title='bbox 2254 2210 2317 2263; x_wconf 84' lang='lat' dir='ltr'><strong>[i-</strong></span> 
     </span>
    </p>
   </div>
   <div class='ocr_carea' id='block_1_20' title="bbox 1274 2274 1716 2331">
    <p class='ocr_par' dir='ltr' id='par_1_20' title="bbox 1274 2274 1716 2331">
     <span class='ocr_line' id='line_1_20' title="bbox 1274 2274 1716 2331; baseline 0 -2"><span class='ocrx_word' id='word_1_91' title='bbox 1274 2275 1474 2330; x_wconf 86' lang='lat' dir='ltr'><strong>liorum</strong></span> <span class='ocrx_word' id='word_1_92' title='bbox 1512 2274 1716 2331; x_wconf 84' lang='lat' dir='ltr'><strong>Aaron.</strong></span> 
     </span>
    </p>
   </div>
   <div class='ocr_carea' id='block_1_21' title="bbox 1195 2645 2399 2713">
    <p class='ocr_par' dir='ltr' id='par_1_21' title="bbox 1195 2645 2399 2713">
     <span class='ocr_line' id='line_1_21' title="bbox 1195 2645 2399 2713; baseline 0.004 -5"><span class='ocrx_word' id='word_1_93' title='bbox 1195 2645 1450 2709; x_wconf 84' lang='lat' dir='ltr'><strong>CAPUT</strong></span> <span class='ocrx_word' id='word_1_94' title='bbox 1499 2649 1684 2711; x_wconf 87' lang='lat' dir='ltr'><strong>XXV</strong></span> <span class='ocrx_word' id='word_1_95' title='bbox 1748 2650 1900 2711; x_wconf 89' lang='lat' dir='ltr'><strong>LIB.</strong></span> <span class='ocrx_word' id='word_1_96' title='bbox 1966 2649 2399 2713; x_wconf 79' lang='lat' dir='ltr'><strong>IPARALIP.</strong></span> 
     </span>
    </p>
   </div>
   <div class='ocr_carea' id='block_1_22' title="bbox 474 2749 1851 2804">
    <p class='ocr_par' dir='ltr' id='par_1_22' title="bbox 474 2749 1851 2804">
     <span class='ocr_line' id='line_1_22' title="bbox 474 2749 1851 2804; baseline 0.001 -3"><span class='ocrx_word' id='word_1_97' title='bbox 474 2749 879 2804; x_wconf 81' lang='grc' dir='ltr'><strong>ΣΥΜΜΑΧΟΣ.</strong></span> <span class='ocrx_word' id='word_1_98' title='bbox 1776 2752 1851 2804; x_wconf 87' lang='lat'><strong>0’.</strong></span> 
     </span>
    </p>
   </div>
   <div class='ocr_carea' id='block_1_23' title="bbox 216 2913 2523 2997">
    <p class='ocr_par' dir='ltr' id='par_1_23' title="bbox 216 2913 2523 2997">
     <span class='ocr_line' id='line_1_23' title="bbox 216 2913 2523 2997; baseline 0.001 -27"><span class='ocrx_word' id='word_1_99' title='bbox 216 2918 279 2972; x_wconf 82' lang='grc'><strong>1.</strong></span> <span class='ocrx_word' id='word_1_100' title='bbox 304 2916 428 2969; x_wconf 87' lang='grc' dir='ltr'><strong>Τῶν</strong></span> <span class='ocrx_word' id='word_1_101' title='bbox 451 2915 945 2987; x_wconf 71' lang='grc' dir='ltr'>προφητεύει-άντων</span> <span class='ocrx_word' id='word_1_102' title='bbox 980 2913 1067 2968; x_wconf 74' lang='grc' dir='ltr'><strong>διὰ</strong></span> <span class='ocrx_word' id='word_1_103' title='bbox 1108 2913 1205 2969; x_wconf 86' lang='grc' dir='ltr'><strong>λύ-</strong></span> <span class='ocrx_word' id='word_1_104' title='bbox 1323 2914 1400 2997; x_wconf 47' lang='grc'><strong>’1.</strong></span> <span class='ocrx_word' id='word_1_105' title='bbox 1435 2914 1572 2978; x_wconf 80' lang='grc' dir='ltr'>Τοὺς</span> <span class='ocrx_word' id='word_1_106' title='bbox 1610 2915 2124 2988; x_wconf 72' lang='grc' dir='ltr'><strong>ἀποφθεγγομένους</strong></span> <span class='ocrx_word' id='word_1_107' title='bbox 2147 2919 2205 2973; x_wconf 82' lang='grc' dir='ltr'><strong>ἐν</strong></span> <span class='ocrx_word' id='word_1_108' title='bbox 2240 2937 2326 2973; x_wconf 86' lang='grc' dir='ltr'><strong>κι-</strong></span> <span class='ocrx_word' id='word_1_109' title='bbox 2470 2919 2523 2973; x_wconf 92' lang='grc'><strong>1.</strong></span> 
     </span>
    </p>
   </div>
   <div class='ocr_carea' id='block_1_24' title="bbox 226 3000 1484 3040">
    <p class='ocr_par' dir='ltr' id='par_1_24' title="bbox 226 3000 1484 3040">
     <span class='ocr_line' id='line_1_24' title="bbox 226 3000 1484 3040; baseline -0.002 0"><span class='ocrx_word' id='word_1_110' title='bbox 226 3005 274 3040; x_wconf 67' lang='grc' dir='ltr'><strong>Ξ.</strong></span> <span class='ocrx_word' id='word_1_111' title='bbox 1277 3000 1339 3036; x_wconf 84' lang='grc' dir='ltr'>νυ</span> <span class='ocrx_word' id='word_1_112' title='bbox 1349 3002 1484 3040; x_wconf 76' lang='grc' dir='ltr'>ραις.</span> 
     </span>
    </p>
   </div>
   <div class='ocr_carea' id='block_1_25' title="bbox 133 3002 2528 3149">
    <p class='ocr_par' dir='ltr' id='par_1_25' title="bbox 133 3002 2528 3149">
     <span class='ocr_line' id='line_1_25' title="bbox 217 3002 1484 3051; baseline -0.002 -11"><span class='ocrx_word' id='word_1_113' title='bbox 217 3005 274 3051; x_wconf 79' lang='grc' dir='ltr'><strong>ς.</strong></span> <span class='ocrx_word' id='word_1_114' title='bbox 1277 3002 1339 3036; x_wconf 87' lang='grc' dir='ltr'>νυ</span> <span class='ocrx_word' id='word_1_115' title='bbox 1381 3002 1433 3037; x_wconf 81' lang='grc' dir='ltr'>αι</span> <span class='ocrx_word' id='word_1_116' title='bbox 1471 3026 1484 3037; x_wconf 92' lang='grc'><strong>.</strong></span> 
     </span>
     <span class='ocr_line' id='line_1_26' title="bbox 133 3002 2528 3149; baseline 0.001 -16"><span class='ocrx_word' id='word_1_117' title='bbox 133 3004 281 3134; x_wconf 63' lang='grc' dir='ltr'><strong>ραὸ.</strong></span> <span class='ocrx_word' id='word_1_118' title='bbox 324 3078 423 3132; x_wconf 77' lang='grc' dir='ltr'><strong>Διὰ</strong></span> <span class='ocrx_word' id='word_1_119' title='bbox 450 3078 620 3147; x_wconf 68' lang='grc' dir='ltr'>λύραις</span> <span class='ocrx_word' id='word_1_120' title='bbox 635 3076 727 3131; x_wconf 80' lang='grc' dir='ltr'>τοῦ</span> <span class='ocrx_word' id='word_1_121' title='bbox 748 3075 1205 3148; x_wconf 73' lang='grc' dir='ltr'>προφητεύοντος.</span> <span class='ocrx_word' id='word_1_122' title='bbox 1439 3002 1545 3128; x_wconf 67' lang='lat' dir='ltr'><strong>C’Ev</strong></span> <span class='ocrx_word' id='word_1_123' title='bbox 1576 3076 1773 3149; x_wconf 80' lang='grc' dir='ltr'>κινύρᾳ</span> <span class='ocrx_word' id='word_1_124' title='bbox 1800 3078 2251 3149; x_wconf 80' lang='grc' dir='ltr'>ὰνακοουόμενοι.</span> <span class='ocrx_word' id='word_1_125' title='bbox 2474 3081 2528 3136; x_wconf 79' lang='grc'><strong>5.</strong></span> 
     </span>
    </p>
   </div>
   <div class='ocr_carea' id='block_1_26' title="bbox 450 3167 2146 3227">
    <p class='ocr_par' dir='ltr' id='par_1_26' title="bbox 450 3167 2146 3227">
     <span class='ocr_line' id='line_1_27' title="bbox 450 3167 2146 3227; baseline 0 -3"><span class='ocrx_word' id='word_1_126' title='bbox 450 3167 899 3225; x_wconf 81' lang='lat' dir='ltr'><strong>SYMMACIIUS.</strong></span> <span class='ocrx_word' id='word_1_127' title='bbox 1456 3168 1599 3222; x_wconf 85' lang='lat' dir='ltr'><strong>LXX</strong></span> <span class='ocrx_word' id='word_1_128' title='bbox 1638 3170 2146 3227; x_wconf 78' lang='lat' dir='ltr'><strong>INTERPRETES.</strong></span> 
     </span>
    </p>
   </div>
   <div class='ocr_carea' id='block_1_27' title="bbox 217 3258 2530 3332">
    <p class='ocr_par' dir='ltr' id='par_1_27' title="bbox 217 3258 2530 3332">
     <span class='ocr_line' id='line_1_28' title="bbox 217 3258 2530 3332; baseline 0.002 -17"><span class='ocrx_word' id='word_1_129' title='bbox 217 3262 279 3315; x_wconf 88' lang='grc'><strong>1.</strong></span> <span class='ocrx_word' id='word_1_130' title='bbox 309 3260 763 3330; x_wconf 85' lang='lat' dir='ltr'><strong>Prophetantium</strong></span> <span class='ocrx_word' id='word_1_131' title='bbox 796 3277 889 3330; x_wconf 88' lang='lat' dir='ltr'><strong>per</strong></span> <span class='ocrx_word' id='word_1_132' title='bbox 922 3261 1116 3332; x_wconf 82' lang='lat' dir='ltr'><strong>lyram.</strong></span> <span class='ocrx_word' id='word_1_133' title='bbox 1352 3259 1406 3314; x_wconf 89' lang='grc'><strong>1.</strong></span> <span class='ocrx_word' id='word_1_134' title='bbox 1442 3258 1871 3316; x_wconf 84' lang='lat' dir='ltr'><strong>Pronuntiantes</strong></span> <span class='ocrx_word' id='word_1_135' title='bbox 1908 3262 1964 3315; x_wconf 90' lang='lat' dir='ltr'><strong>in</strong></span> <span class='ocrx_word' id='word_1_136' title='bbox 1997 3263 2245 3319; x_wconf 83' lang='lat' dir='ltr'><strong>citharis.</strong></span> <span class='ocrx_word' id='word_1_137' title='bbox 2480 3265 2530 3319; x_wconf 55' lang='grc' dir='ltr'><strong>ιι.</strong></span> 
     </span>
    </p>
   </div>
   <div class='ocr_carea' id='block_1_28' title="bbox 213 3347 2512 3420">
    <p class='ocr_par' dir='ltr' id='par_1_28' title="bbox 213 3347 2512 3420">
     <span class='ocr_line' id='line_1_29' title="bbox 213 3347 2512 3420; baseline 0.003 -17"><span class='ocrx_word' id='word_1_138' title='bbox 213 3349 280 3403; x_wconf 77' lang='lat'><strong>&#39;5.</strong></span> <span class='ocrx_word' id='word_1_139' title='bbox 309 3347 416 3404; x_wconf 81' lang='lat' dir='ltr'><strong>Per</strong></span> <span class='ocrx_word' id='word_1_140' title='bbox 448 3350 622 3420; x_wconf 81' lang='lat' dir='ltr'><strong>lyram</strong></span> <span class='ocrx_word' id='word_1_141' title='bbox 656 3349 1052 3419; x_wconf 82' lang='lat' dir='ltr'><strong>prophetautis.</strong></span> <span class='ocrx_word' id='word_1_142' title='bbox 1342 3351 1398 3405; x_wconf 84' lang='lat'><strong>5.</strong></span> <span class='ocrx_word' id='word_1_143' title='bbox 1434 3350 1488 3404; x_wconf 93' lang='lat' dir='ltr'><strong>In</strong></span> <span class='ocrx_word' id='word_1_144' title='bbox 1527 3353 1737 3406; x_wconf 83' lang='lat' dir='ltr'><strong>cithara</strong></span> <span class='ocrx_word' id='word_1_145' title='bbox 1776 3353 2081 3420; x_wconf 87' lang='lat' dir='ltr'><strong>pulsantes.</strong></span> <span class='ocrx_word' id='word_1_146' title='bbox 2477 3357 2512 3411; x_wconf 79' lang='grc'><strong>5</strong></span> 
     </span>
    </p>
   </div>
   <div class='ocr_carea' id='block_1_29' title="bbox 874 3442 2780 3531">
    <p class='ocr_par' dir='ltr' id='par_1_29' title="bbox 874 3442 2780 3531">
     <span class='ocr_line' id='line_1_30' title="bbox 874 3442 2780 3531; baseline 0.007 -28"><span class='ocrx_word' id='word_1_147' title='bbox 874 3444 1051 3504; x_wconf 64' lang='lat' dir='ltr'><strong>Noun</strong></span> <span class='ocrx_word' id='word_1_148' title='bbox 1091 3448 1151 3502; x_wconf 88' lang='lat' dir='ltr'><strong>et</strong></span> <span class='ocrx_word' id='word_1_149' title='bbox 1189 3442 1380 3504; x_wconf 63' lang='lat' dir='ltr'><strong>varia)</strong></span> <span class='ocrx_word' id='word_1_150' title='bbox 1412 3445 1727 3507; x_wconf 86' lang='lat' dir='ltr'><strong>lectiones</strong></span> <span class='ocrx_word' id='word_1_151' title='bbox 1794 3447 1869 3507; x_wconf 82' lang='lat' dir='ltr'><strong>ad</strong></span> <span class='ocrx_word' id='word_1_152' title='bbox 1908 3464 2045 3526; x_wconf 84' lang='lat' dir='ltr'><strong>cap.</strong></span> <span class='ocrx_word' id='word_1_153' title='bbox 2097 3450 2277 3510; x_wconf 83' lang='lat' dir='ltr'><strong>XXV</strong></span> <span class='ocrx_word' id='word_1_154' title='bbox 2309 3447 2419 3509; x_wconf 86' lang='lat' dir='ltr'><strong>lib.</strong></span> <span class='ocrx_word' id='word_1_155' title='bbox 2450 3450 2476 3509; x_wconf 93' lang='lat' dir='ltr'>l</span> <span class='ocrx_word' id='word_1_156' title='bbox 2509 3452 2780 3531; x_wconf 83' lang='lat' dir='ltr'><strong>Paralip.</strong></span> 
     </span>
    </p>
   </div>
   <div class='ocr_carea' id='block_1_30' title="bbox 137 3540 1672 3620">
    <p class='ocr_par' dir='ltr' id='par_1_30' title="bbox 137 3540 1671 3613">
     <span class='ocr_line' id='line_1_31' title="bbox 137 3540 1671 3613; baseline -0.002 -14"><span class='ocrx_word' id='word_1_157' title='bbox 137 3558 279 3599; x_wconf 85' lang='lat' dir='ltr'><strong>cem</strong></span> <span class='ocrx_word' id='word_1_158' title='bbox 308 3552 437 3603; x_wconf 74' lang='lat'><strong>&#39;11::</strong></span> <span class='ocrx_word' id='word_1_159' title='bbox 464 3550 715 3613; x_wconf 87' lang='lat' dir='ltr'><strong>uterque,</strong></span> <span class='ocrx_word' id='word_1_160' title='bbox 757 3540 951 3612; x_wconf 86' lang='lat' dir='ltr'><strong>Aquila</strong></span> <span class='ocrx_word' id='word_1_161' title='bbox 980 3540 1230 3596; x_wconf 85' lang='lat' dir='ltr'><strong>videlicet</strong></span> <span class='ocrx_word' id='word_1_162' title='bbox 1260 3550 1314 3595; x_wconf 89' lang='lat' dir='ltr'><strong>et</strong></span> <span class='ocrx_word' id='word_1_163' title='bbox 1342 3542 1671 3613; x_wconf 84' lang='lat' dir='ltr'><strong>Symmacbu</strong></span> 
     </span>
    </p>
   </div>
   <div class='ocr_carea' id='block_1_31' title="bbox 1266 3540 2801 3620">
    <p class='ocr_par' dir='ltr' id='par_1_31' title="bbox 1266 3542 2801 3620">
     <span class='ocr_line' id='line_1_32' title="bbox 1266 3542 2801 3620; baseline 0.007 -25"><span class='ocrx_word' id='word_1_164' title='bbox 1266 3550 1314 3595; x_wconf 87' lang='lat' dir='ltr'><strong>et</strong></span> <span class='ocrx_word' id='word_1_165' title='bbox 1342 3542 1726 3613; x_wconf 84' lang='lat' dir='ltr'><strong>Symmachus,</strong></span> <span class='ocrx_word' id='word_1_166' title='bbox 1768 3544 1930 3600; x_wconf 89' lang='lat' dir='ltr'><strong>modo</strong></span> <span class='ocrx_word' id='word_1_167' title='bbox 1966 3545 2188 3619; x_wconf 76' lang='grc' dir='ltr'>κιθάρα,</span> <span class='ocrx_word' id='word_1_168' title='bbox 2215 3546 2378 3601; x_wconf 87' lang='lat' dir='ltr'><strong>modo</strong></span> <span class='ocrx_word' id='word_1_169' title='bbox 2407 3546 2545 3620; x_wconf 82' lang='grc' dir='ltr'>λύρα</span> <span class='ocrx_word' id='word_1_170' title='bbox 2568 3561 2801 3607; x_wconf 84' lang='lat' dir='ltr'><strong>vertunt.</strong></span> 
     </span>
    </p>
   </div>
   <div class='ocr_carea' id='block_1_32' title="bbox 1207 3725 2376 3792">
    <p class='ocr_par' dir='ltr' id='par_1_32' title="bbox 1207 3725 2376 3792">
     <span class='ocr_line' id='line_1_33' title="bbox 1207 3725 2376 3792; baseline 0.005 -7"><span class='ocrx_word' id='word_1_171' title='bbox 1207 3725 1464 3785; x_wconf 75' lang='lat' dir='ltr'><strong>CAPUT</strong></span> <span class='ocrx_word' id='word_1_172' title='bbox 1500 3726 1711 3788; x_wconf 85' lang='lat' dir='ltr'><strong>XXVI</strong></span> <span class='ocrx_word' id='word_1_173' title='bbox 1751 3728 1901 3787; x_wconf 92' lang='lat' dir='ltr'><strong>LIB.</strong></span> <span class='ocrx_word' id='word_1_174' title='bbox 1937 3728 1963 3788; x_wconf 92' lang='grc' dir='ltr'>Ι</span> <span class='ocrx_word' id='word_1_175' title='bbox 1997 3728 2376 3792; x_wconf 81' lang='lat' dir='ltr'><strong>PARALIP.</strong></span> 
     </span>
    </p>
   </div>
   <div class='ocr_carea' id='block_1_33' title="bbox 483 3824 3118 3895">
    <p class='ocr_par' dir='ltr' id='par_1_33' title="bbox 483 3824 3118 3895">
     <span class='ocr_line' id='line_1_34' title="bbox 483 3824 3118 3895; baseline 0.007 -18"><span class='ocrx_word' id='word_1_176' title='bbox 483 3824 890 3879; x_wconf 80' lang='grc' dir='ltr'><strong>ΣΥΜΜΑΧΟΣ.</strong></span> <span class='ocrx_word' id='word_1_177' title='bbox 1769 3826 1845 3880; x_wconf 92' lang='lat'><strong>0&#39;.</strong></span> <span class='ocrx_word' id='word_1_178' title='bbox 2722 3836 3118 3895; x_wconf 83' lang='grc' dir='ltr'><strong>ΘΕΟΔΟἸἹΩΝ.</strong></span> 
     </span>
    </p>
   </div>
   <div class='ocr_carea' id='block_1_34' title="bbox 235 3983 1770 4126">
    <p class='ocr_par' dir='ltr' id='par_1_34' title="bbox 235 3983 1770 4126">
     <span class='ocr_line' id='line_1_35' title="bbox 235 3983 1770 4045; baseline -0.001 -2"><span class='ocrx_word' id='word_1_179' title='bbox 235 3988 320 4045; x_wconf 73' lang='grc'><strong>27.</strong></span> <span class='ocrx_word' id='word_1_180' title='bbox 1356 3983 1443 4038; x_wconf 79' lang='grc'><strong>27.</strong></span> <span class='ocrx_word' id='word_1_181' title='bbox 1486 3986 1583 4040; x_wconf 88' lang='grc' dir='ltr'>Ἐκ</span> <span class='ocrx_word' id='word_1_182' title='bbox 1613 3987 1770 4042; x_wconf 75' lang='grc' dir='ltr'>πόλεο</span> 
     </span>
     <span class='ocr_line' id='line_1_36' title="bbox 1285 4049 1485 4126; baseline 0.01 -19"><span class='ocrx_word' id='word_1_183' title='bbox 1285 4049 1342 4107; x_wconf 80' lang='grc' dir='ltr'><strong>Λέ</strong></span> <span class='ocrx_word' id='word_1_184' title='bbox 1349 4072 1485 4126; x_wconf 88' lang='grc' dir='ltr'><strong>μων.</strong></span> 
     </span>
    </p>
   </div>
   <div class='ocr_carea' id='block_1_35' title="bbox 1028 3983 2563 4126">
    <p class='ocr_par' dir='ltr' id='par_1_35' title="bbox 1285 3983 2563 4126">
     <span class='ocr_line' id='line_1_37' title="bbox 1318 3983 2563 4126; baseline 0.011 -90"><span class='ocrx_word' id='word_1_185' title='bbox 1318 3983 1465 4126; x_wconf 51' lang='lat' dir='ltr'><strong>£37.V</strong></span> <span class='ocrx_word' id='word_1_186' title='bbox 1486 3986 1583 4040; x_wconf 88' lang='grc' dir='ltr'>Ἐκ</span> <span class='ocrx_word' id='word_1_187' title='bbox 1613 3987 1840 4043; x_wconf 86' lang='grc' dir='ltr'>πόλεων.</span> <span class='ocrx_word' id='word_1_188' title='bbox 1884 3990 2118 4057; x_wconf 76' lang='grc' dir='ltr'><strong>Ἄλλοι,</strong></span> <span class='ocrx_word' id='word_1_189' title='bbox 2142 3990 2207 4045; x_wconf 80' lang='grc' dir='ltr'><strong>ἐκ</strong></span> <span class='ocrx_word' id='word_1_190' title='bbox 2236 4010 2333 4046; x_wconf 64' lang='grc' dir='ltr'>που</span> <span class='ocrx_word' id='word_1_191' title='bbox 2454 3994 2563 4059; x_wconf 66' lang='grc'><strong>27.</strong></span> 
     </span>
     <span class='ocr_line' id='line_1_38' title="bbox 1285 4074 1485 4110; baseline 0.015 -4"><span class='ocrx_word' id='word_1_192' title='bbox 1285 4074 1314 4107; x_wconf 88' lang='grc' dir='ltr'><strong>Λ</strong></span> <span class='ocrx_word' id='word_1_193' title='bbox 1390 4074 1434 4107; x_wconf 88' lang='grc' dir='ltr'>ω</span> <span class='ocrx_word' id='word_1_194' title='bbox 1471 4096 1485 4110; x_wconf 95' lang='grc'><strong>.</strong></span> 
     </span>
    </p>
   </div>
   <div class='ocr_carea' id='block_1_36' title="bbox 228 4146 2565 4288">
    <p class='ocr_par' dir='ltr' id='par_1_36' title="bbox 228 4146 2565 4288">
     <span class='ocr_line' id='line_1_39' title="bbox 228 4146 2565 4288; baseline 0.002 -83"><span class='ocrx_word' id='word_1_195' title='bbox 228 4150 322 4205; x_wconf 75' lang='grc'><strong>29.</strong></span> <span class='ocrx_word' id='word_1_196' title='bbox 360 4150 457 4213; x_wconf 76' lang='grc' dir='ltr'><strong>Εἰς</strong></span> <span class='ocrx_word' id='word_1_197' title='bbox 483 4146 777 4212; x_wconf 76' lang='grc' dir='ltr'>παιδευτὰς</span> <span class='ocrx_word' id='word_1_198' title='bbox 808 4147 904 4201; x_wconf 72' lang='grc' dir='ltr'><strong>καὶ</strong></span> <span class='ocrx_word' id='word_1_199' title='bbox 928 4146 1141 4219; x_wconf 83' lang='grc' dir='ltr'>κριτάς.</span> <span class='ocrx_word' id='word_1_200' title='bbox 1288 4146 1583 4288; x_wconf 41' lang='grc' dir='ltr'>κρὲἓὶᾷΐοῦ</span> <span class='ocrx_word' id='word_1_201' title='bbox 1617 4151 2028 4221; x_wconf 82' lang='grc' dir='ltr'><strong>γραμματεύειν</strong></span> <span class='ocrx_word' id='word_1_202' title='bbox 2081 4152 2175 4205; x_wconf 81' lang='grc' dir='ltr'><strong>καὶ</strong></span> <span class='ocrx_word' id='word_1_203' title='bbox 2217 4153 2332 4207; x_wconf 83' lang='grc' dir='ltr'><strong>δια·</strong></span> <span class='ocrx_word' id='word_1_204' title='bbox 2473 4154 2565 4211; x_wconf 73' lang='grc'><strong>29.</strong></span> 
     </span>
    </p>
   </div>
   <div class='ocr_carea' id='block_1_37' title="bbox 473 4268 3119 4376">
    <p class='ocr_par' dir='ltr' id='par_1_37' title="bbox 473 4268 3119 4376">
     <span class='ocr_line' id='line_1_40' title="bbox 473 4268 3119 4376; baseline 0.003 -9"><span class='ocrx_word' id='word_1_205' title='bbox 473 4268 920 4367; x_wconf 72' lang='lat' dir='ltr'><strong>SYMMACHUS.</strong></span> <span class='ocrx_word' id='word_1_206' title='bbox 1328 4268 1349 4288; x_wconf 22' lang='grc' dir='ltr'><strong>’ί</strong></span> <span class='ocrx_word' id='word_1_207' title='bbox 1457 4268 1601 4364; x_wconf 85' lang='lat' dir='ltr'><strong>Lxx</strong></span> <span class='ocrx_word' id='word_1_208' title='bbox 1634 4310 2141 4373; x_wconf 82' lang='lat' dir='ltr'><strong>INTERPRETES.</strong></span> <span class='ocrx_word' id='word_1_209' title='bbox 2703 4317 3119 4376; x_wconf 83' lang='lat' dir='ltr'><strong>THEODOTIO.</strong></span> 
     </span>
    </p>
   </div>
   <div class='ocr_carea' id='block_1_38' title="bbox 230 4401 2565 4477">
    <p class='ocr_par' dir='ltr' id='par_1_38' title="bbox 230 4401 2565 4477">
     <span class='ocr_line' id='line_1_41' title="bbox 230 4401 2565 4477; baseline 0.007 -27"><span class='ocrx_word' id='word_1_210' title='bbox 230 4406 335 4463; x_wconf 67' lang='lat'><strong>97,</strong></span> <span class='ocrx_word' id='word_1_211' title='bbox 1356 4401 1445 4454; x_wconf 87' lang='grc'><strong>27.</strong></span> <span class='ocrx_word' id='word_1_212' title='bbox 1476 4402 1555 4457; x_wconf 85' lang='lat' dir='ltr'><strong>Ex</strong></span> <span class='ocrx_word' id='word_1_213' title='bbox 1578 4406 1910 4463; x_wconf 89' lang='lat' dir='ltr'><strong>civitatibus.</strong></span> <span class='ocrx_word' id='word_1_214' title='bbox 1937 4409 2051 4477; x_wconf 81' lang='lat' dir='ltr'><strong>AL,</strong></span> <span class='ocrx_word' id='word_1_215' title='bbox 2076 4411 2329 4466; x_wconf 90' lang='lat' dir='ltr'><strong>dcbcllis.</strong></span> <span class='ocrx_word' id='word_1_216' title='bbox 2472 4408 2565 4466; x_wconf 87' lang='grc'><strong>27.</strong></span> 
     </span>
    </p>
   </div>
   <div class='ocr_carea' id='block_1_39' title="bbox 228 4492 1763 4618">
    <p class='ocr_par' dir='ltr' id='par_1_39' title="bbox 228 4492 1763 4618">
     <span class='ocr_line' id='line_1_42' title="bbox 228 4492 1763 4618; baseline -0.001 -65"><span class='ocrx_word' id='word_1_217' title='bbox 228 4500 330 4554; x_wconf 87' lang='grc'><strong>29.</strong></span> <span class='ocrx_word' id='word_1_218' title='bbox 367 4496 424 4553; x_wconf 89' lang='lat' dir='ltr'><strong>In</strong></span> <span class='ocrx_word' id='word_1_219' title='bbox 445 4504 809 4569; x_wconf 63' lang='lat' dir='ltr'><strong>praeceptores</strong></span> <span class='ocrx_word' id='word_1_220' title='bbox 847 4504 903 4551; x_wconf 88' lang='lat' dir='ltr'><strong>ct</strong></span> <span class='ocrx_word' id='word_1_221' title='bbox 930 4494 1163 4566; x_wconf 86' lang='lat' dir='ltr'><strong>judiccs.</strong></span> <span class='ocrx_word' id='word_1_222' title='bbox 1291 4492 1581 4618; x_wconf 45' lang='grc' dir='ltr'><strong>ωξὲἰιηιὶιι</strong></span> <span class='ocrx_word' id='word_1_223' title='bbox 1624 4498 1763 4552; x_wconf 86' lang='lat' dir='ltr'><strong>scrib</strong></span> 
     </span>
    </p>
   </div>
   <div class='ocr_carea' id='block_1_40' title="bbox 1026 4492 2561 4618">
    <p class='ocr_par' dir='ltr' id='par_1_40' title="bbox 1033 4492 2561 4618">
     <span class='ocr_line' id='line_1_43' title="bbox 1033 4492 2561 4573; baseline 0.005 -22"><span class='ocrx_word' id='word_1_224' title='bbox 1033 4494 1163 4551; x_wconf 84' lang='lat' dir='ltr'><strong>iccs.</strong></span> <span class='ocrx_word' id='word_1_225' title='bbox 1358 4492 1450 4547; x_wconf 75' lang='grc'><strong>29.</strong></span> <span class='ocrx_word' id='word_1_226' title='bbox 1500 4492 1581 4549; x_wconf 65' lang='lat' dir='ltr'><strong>Aul</strong></span> <span class='ocrx_word' id='word_1_227' title='bbox 1624 4498 1974 4554; x_wconf 88' lang='lat' dir='ltr'><strong>scribendum</strong></span> <span class='ocrx_word' id='word_1_228' title='bbox 2031 4512 2084 4555; x_wconf 89' lang='lat' dir='ltr'><strong>et</strong></span> <span class='ocrx_word' id='word_1_229' title='bbox 2134 4500 2333 4573; x_wconf 87' lang='lat' dir='ltr'><strong>dijudi-</strong></span> <span class='ocrx_word' id='word_1_230' title='bbox 2474 4506 2561 4561; x_wconf 82' lang='grc'><strong>29.</strong></span> 
     </span>
     <span class='ocr_line' id='line_1_44' title="bbox 1291 4562 1551 4618; baseline 0.004 -2"><span class='ocrx_word' id='word_1_231' title='bbox 1291 4562 1551 4618; x_wconf 85' lang='lat' dir='ltr'><strong>candum.</strong></span> 
     </span>
    </p>
   </div>
   <div class='ocr_carea' id='block_1_41' title="bbox 1723 4663 1915 4725">
    <p class='ocr_par' dir='ltr' id='par_1_41' title="bbox 1723 4663 1915 4725">
     <span class='ocr_line' id='line_1_45' title="bbox 1723 4663 1915 4725; baseline 0.01 -2"><span class='ocrx_word' id='word_1_232' title='bbox 1723 4663 1915 4725; x_wconf 78' lang='lat' dir='ltr'><strong>Notae.</strong></span> 
     </span>
    </p>
   </div>
   <div class='ocr_carea' id='block_1_42' title="bbox 248 4756 1543 4832">
    <p class='ocr_par' dir='ltr' id='par_1_42' title="bbox 248 4756 1543 4832">
     <span class='ocr_line' id='line_1_46' title="bbox 248 4756 1543 4832; baseline -0.002 -14"><span class='ocrx_word' id='word_1_233' title='bbox 248 4764 313 4819; x_wconf 87' lang='lat' dir='ltr'><strong>V.</strong></span> <span class='ocrx_word' id='word_1_234' title='bbox 342 4763 431 4819; x_wconf 74' lang='grc'><strong>29.</strong></span> <span class='ocrx_word' id='word_1_235' title='bbox 466 4762 551 4832; x_wconf 87' lang='grc' dir='ltr'><strong>Σ.,</strong></span> <span class='ocrx_word' id='word_1_236' title='bbox 586 4764 666 4827; x_wconf 79' lang='grc' dir='ltr'>εἰς</span> <span class='ocrx_word' id='word_1_237' title='bbox 702 4760 995 4826; x_wconf 78' lang='grc' dir='ltr'>παιδευτὰς</span> <span class='ocrx_word' id='word_1_238' title='bbox 1027 4761 1124 4816; x_wconf 81' lang='grc' dir='ltr'>καὶ</span> <span class='ocrx_word' id='word_1_239' title='bbox 1154 4756 1369 4831; x_wconf 84' lang='grc' dir='ltr'>κριτάς.</span> <span class='ocrx_word' id='word_1_240' title='bbox 1406 4756 1543 4830; x_wconf 74' lang='lat' dir='ltr'><strong>Reg.</strong></span> 
     </span>
    </p>
   </div>
   <div class='ocr_carea' id='block_1_43' title="bbox 1162 4939 2384 5017">
    <p class='ocr_par' dir='ltr' id='par_1_43' title="bbox 1162 4939 2384 5017">
     <span class='ocr_line' id='line_1_47' title="bbox 1162 4939 2384 5017; baseline -0.001 -13"><span class='ocrx_word' id='word_1_241' title='bbox 1162 4941 1419 5004; x_wconf 84' lang='lat' dir='ltr'><strong>CAPUT</strong></span> <span class='ocrx_word' id='word_1_242' title='bbox 1451 4941 1572 5003; x_wconf 74' lang='lat' dir='ltr'><strong>XX</strong></span> <span class='ocrx_word' id='word_1_243' title='bbox 1588 4941 1697 5002; x_wconf 86' lang='lat' dir='ltr'><strong>VII</strong></span> <span class='ocrx_word' id='word_1_244' title='bbox 1744 4942 1896 5003; x_wconf 85' lang='lat' dir='ltr'><strong>LIB.</strong></span> <span class='ocrx_word' id='word_1_245' title='bbox 1939 4942 1966 5002; x_wconf 93' lang='lat' dir='ltr'><strong>I</strong></span> <span class='ocrx_word' id='word_1_246' title='bbox 2002 4939 2384 5017; x_wconf 39' lang='lat' dir='ltr'><strong>.PARALIP.</strong></span> 
     </span>
    </p>
   </div>
   <div class='ocr_carea' id='block_1_44' title="bbox 493 5040 3122 5101">
    <p class='ocr_par' dir='ltr' id='par_1_44' title="bbox 493 5040 3122 5101">
     <span class='ocr_line' id='line_1_48' title="bbox 493 5040 3122 5101; baseline 0 -2"><span class='ocrx_word' id='word_1_247' title='bbox 493 5045 899 5101; x_wconf 74' lang='grc' dir='ltr'><strong>ΣΥΜΜΑΧῡΣ.</strong></span> <span class='ocrx_word' id='word_1_248' title='bbox 1770 5040 1843 5097; x_wconf 75' lang='lat'><strong>0&#39;.</strong></span> <span class='ocrx_word' id='word_1_249' title='bbox 2726 5044 3122 5100; x_wconf 86' lang='grc' dir='ltr'><strong>ΘΕΟΔΟΤΙΩΝ.</strong></span> 
     </span>
    </p>
   </div>
   <div class='ocr_carea' id='block_1_45' title="bbox 280 5201 2575 5287">
    <p class='ocr_par' dir='ltr' id='par_1_45' title="bbox 280 5201 2575 5287">
     <span class='ocr_line' id='line_1_49' title="bbox 280 5201 2575 5287; baseline -0.003 -24"><span class='ocrx_word' id='word_1_250' title='bbox 280 5207 338 5265; x_wconf 92' lang='grc'><strong>7.</strong></span> <span class='ocrx_word' id='word_1_251' title='bbox 1314 5279 1332 5287; x_wconf 74' lang='lat'>_</span> <span class='ocrx_word' id='word_1_252' title='bbox 1366 5207 1455 5262; x_wconf 80' lang='grc'><strong>27.</strong></span> <span class='ocrx_word' id='word_1_253' title='bbox 1482 5205 1710 5287; x_wconf 47' lang='grc' dir='ltr'><strong>Κᾳὶ-ὲπὶ</strong></span> <span class='ocrx_word' id='word_1_254' title='bbox 1758 5205 1871 5287; x_wconf 46' lang='grc' dir='ltr'>,τῶν</span> <span class='ocrx_word' id='word_1_255' title='bbox 1911 5207 2149 5287; x_wconf 66' lang='grc' dir='ltr'>χωρίῳν.</span> <span class='ocrx_word' id='word_1_256' title='bbox 2200 5206 2342 5263; x_wconf 78' lang='grc' dir='ltr'><strong>Ἀλ-</strong></span> <span class='ocrx_word' id='word_1_257' title='bbox 2486 5201 2575 5257; x_wconf 69' lang='lat'><strong>‘27.</strong></span> 
     </span>
    </p>
   </div>
   <div class='ocr_carea' id='block_1_46' title="bbox 1295 5276 2203 5347">
    <p class='ocr_par' dir='ltr' id='par_1_46' title="bbox 1295 5276 2203 5347">
     <span class='ocr_line' id='line_1_50' title="bbox 1295 5276 2203 5347; baseline 0 -16"><span class='ocrx_word' id='word_1_258' title='bbox 1295 5279 1426 5343; x_wconf 73' lang='grc' dir='ltr'>λος,</span> <span class='ocrx_word' id='word_1_259' title='bbox 1460 5283 1553 5330; x_wconf 77' lang='grc' dir='ltr'><strong>καὶ</strong></span> <span class='ocrx_word' id='word_1_260' title='bbox 1587 5277 1678 5329; x_wconf 74' lang='grc' dir='ltr'><strong>ἐπὶ</strong></span> <span class='ocrx_word' id='word_1_261' title='bbox 1714 5277 1823 5330; x_wconf 84' lang='grc' dir='ltr'>τῶν</span> <span class='ocrx_word' id='word_1_262' title='bbox 1846 5276 2203 5347; x_wconf 66' lang='grc' dir='ltr'>ἀμπελώνων.</span> 
     </span>
    </p>
   </div>
   <div class='ocr_carea' id='block_1_47' title="bbox 467 5365 3126 5427">
    <p class='ocr_par' dir='ltr' id='par_1_47' title="bbox 467 5365 3126 5427">
     <span class='ocr_line' id='line_1_51' title="bbox 467 5365 3126 5427; baseline -0.001 -3"><span class='ocrx_word' id='word_1_263' title='bbox 467 5365 918 5424; x_wconf 77' lang='lat' dir='ltr'><strong>SYMMACIIUS.</strong></span> <span class='ocrx_word' id='word_1_264' title='bbox 1321 5423 1326 5427; x_wconf 75' lang='grc'><em>,</em></span> <span class='ocrx_word' id='word_1_265' title='bbox 1467 5365 1609 5421; x_wconf 85' lang='lat' dir='ltr'><strong>LXX</strong></span> <span class='ocrx_word' id='word_1_266' title='bbox 1660 5365 2166 5423; x_wconf 81' lang='lat' dir='ltr'><strong>INTERPRETES.</strong></span> <span class='ocrx_word' id='word_1_267' title='bbox 2713 5367 3126 5426; x_wconf 83' lang='lat' dir='ltr'><strong>TIIEODOTIO.</strong></span> 
     </span>
    </p>
   </div>
   <div class='ocr_carea' id='block_1_48' title="bbox 240 5456 2554 5539">
    <p class='ocr_par' dir='ltr' id='par_1_48' title="bbox 240 5456 2554 5539">
     <span class='ocr_line' id='line_1_52' title="bbox 240 5456 2554 5539; baseline 0.003 -34"><span class='ocrx_word' id='word_1_268' title='bbox 240 5460 318 5517; x_wconf 72' lang='lat'><strong>27</strong></span> <span class='ocrx_word' id='word_1_269' title='bbox 1367 5456 1455 5513; x_wconf 86' lang='grc'><strong>27.</strong></span> <span class='ocrx_word' id='word_1_270' title='bbox 1506 5456 1573 5539; x_wconf 62' lang='lat' dir='ltr'><strong>Et</strong></span> <span class='ocrx_word' id='word_1_271' title='bbox 1618 5473 1783 5527; x_wconf 84' lang='lat' dir='ltr'><strong>super</strong></span> <span class='ocrx_word' id='word_1_272' title='bbox 1827 5474 2006 5529; x_wconf 84' lang='lat' dir='ltr'><strong>agros.</strong></span> <span class='ocrx_word' id='word_1_273' title='bbox 2060 5460 2247 5530; x_wconf 76' lang='lat' dir='ltr'><strong>Alius,</strong></span> <span class='ocrx_word' id='word_1_274' title='bbox 2286 5470 2341 5517; x_wconf 89' lang='lat' dir='ltr'><strong>et</strong></span> <span class='ocrx_word' id='word_1_275' title='bbox 2482 5461 2554 5518; x_wconf 87' lang='grc'><strong>27</strong></span> 
     </span>
    </p>
   </div>
   <div class='ocr_carea' id='block_1_49' title="bbox 1296 5542 1699 5599">
    <p class='ocr_par' dir='ltr' id='par_1_49' title="bbox 1296 5542 1699 5599">
     <span class='ocr_line' id='line_1_53' title="bbox 1296 5542 1699 5599; baseline 0.002 -17"><span class='ocrx_word' id='word_1_276' title='bbox 1296 5542 1461 5599; x_wconf 87' lang='lat' dir='ltr'><strong>super</strong></span> <span class='ocrx_word' id='word_1_277' title='bbox 1490 5543 1699 5585; x_wconf 78' lang='lat' dir='ltr'><strong>Vincas.</strong></span> 
     </span>
    </p>
   </div>
   <div class='ocr_carea' id='block_1_50' title="bbox 1735 5619 1894 5683">
    <p class='ocr_par' dir='ltr' id='par_1_50' title="bbox 1735 5619 1894 5683">
     <span class='ocr_line' id='line_1_54' title="bbox 1735 5619 1894 5683; baseline 0.013 -4"><span class='ocrx_word' id='word_1_278' title='bbox 1735 5619 1894 5683; x_wconf 82' lang='lat' dir='ltr'><strong>Nola</strong></span> 
     </span>
    </p>
   </div>
   <div class='ocr_carea' id='block_1_51' title="bbox 171 5719 1131 5789">
    <p class='ocr_par' dir='ltr' id='par_1_51' title="bbox 171 5719 1131 5789">
     <span class='ocr_line' id='line_1_55' title="bbox 171 5719 1131 5789; baseline -0.007 -10"><span class='ocrx_word' id='word_1_279' title='bbox 171 5724 346 5782; x_wconf 86' lang='lat' dir='ltr'><strong>aliaui</strong></span> <span class='ocrx_word' id='word_1_280' title='bbox 380 5723 637 5786; x_wconf 87' lang='lat' dir='ltr'><strong>reddunt,</strong></span> <span class='ocrx_word' id='word_1_281' title='bbox 679 5729 729 5775; x_wconf 88' lang='lat' dir='ltr'><strong>et</strong></span> <span class='ocrx_word' id='word_1_282' title='bbox 758 5736 915 5789; x_wconf 82' lang='lat' dir='ltr'><strong>super</strong></span> <span class='ocrx_word' id='word_1_283' title='bbox 948 5719 1131 5773; x_wconf 81' lang='lat' dir='ltr'><strong>cellas.</strong></span> 
     </span>
    </p>
   </div>
   <div class='ocr_carea' id='block_1_52' title="bbox 2698 2029 3116 2104">
    <p class='ocr_par' dir='ltr' id='par_1_52' title="bbox 2698 2029 3116 2104">
     <span class='ocr_line' id='line_1_56' title="bbox 2698 2029 3116 2104; baseline 0.005 -3"><span class='ocrx_word' id='word_1_284' title='bbox 2698 2029 3116 2104; x_wconf 70' lang='lat' dir='ltr'><strong>THEODOTIO.</strong></span> 
     </span>
    </p>
   </div>
   <div class='ocr_carea' id='block_1_53' title="bbox 2719 2754 3117 2811">
    <p class='ocr_par' dir='ltr' id='par_1_53' title="bbox 2719 2754 3117 2811">
     <span class='ocr_line' id='line_1_57' title="bbox 2719 2754 3117 2811; baseline 0.01 -4"><span class='ocrx_word' id='word_1_285' title='bbox 2719 2754 3117 2811; x_wconf 82' lang='grc' dir='ltr'><strong>ΘΕΟΔΟΤΙΩΝ.</strong></span> 
     </span>
    </p>
   </div>
   <div class='ocr_carea' id='block_1_54' title="bbox 2720 3172 3133 3233">
    <p class='ocr_par' dir='ltr' id='par_1_54' title="bbox 2720 3172 3133 3233">
     <span class='ocr_line' id='line_1_58' title="bbox 2720 3172 3133 3233; baseline 0.01 -4"><span class='ocrx_word' id='word_1_286' title='bbox 2720 3172 3133 3233; x_wconf 83' lang='lat' dir='ltr'><strong>THEODOTIO.</strong></span> 
     </span>
    </p>
   </div>
  </div>
