3888 6214
203 340 334 408 '525

1600 353 1718 410 JOB
1752 352 1980 409 CAPUT
2021 354 2106 411 Vl.

3372 355 3480 411 526

544 467 945 520 ΣΥΜΜΑΧΟΣ.
1843 472 1920 524 Ο¹.
2783 469 3187 526 ΘΕΟΔΟἸΊΩΝ.

293 629 384 685 26.
591 654 596 659 ν
1412 630 1501 685 26.
1538 632 1815 701 Θημωνία.
1875 632 2111 696 Ἄλλος,
2147 630 2338 700 σωρός.
2537 631 2627 686 26.

524 740 968 797 SYMMACHUS.
1533 742 1677 797 LXX
1710 742 2212 798 INTERPRETES.
2795 745 3209 802 THEODOTIO.

296 862 385 918 26.
1400 862 1489 917 26.
1522 865 1788 917 Acervus.
1825 872 1846 915 ιι

1944 882 1999 932 γε,
2022 867 2299 920 cumulus.
2524 864 2613 921 26.

1141 1028 1316 1087 Notaa
1374 1032 1438 1087 et
1480 1025 1668 1086 variae
1704 1024 2015 1087 lectiones
2069 1029 2145 1087 ad
2175 1042 2312 1105 cap.
2346 1027 2403 1086 V
2438 1025 2579 1088 Job.
2634 1058 2635 1061 η

298 1149 355 1204 ν.
393 1149 482 1205 10.
525 1150 627 1211 Ἃ..
661 1149 754 1204 ἐπὶ
786 1150 1073 1221 πρόσωπον
1114 1150 1419 1214 ὲξωτάτων.
1470 1149 1711 1221 Colbert.
1747 1158 1804 1203 et

213 1221 354 1342 Reg.
405 1237 569 1312 unus.
600 1219 995 1303 Drusiusvero
1021 1222 1074 1275 id
1107 1221 1263 1289 quasi
1295 1221 1541 1275 scholion
1604 1219 1799 1301 adfert.

342 1333 355 1342 .
388 1291 476 1342 Η.
535 1291 605 1342 Εν
637 1292 901 1342 σωτηρία.
941 1291 1033 1342 Sic
1057 1290 1294 1342 Colbert.
1342 1306 1467 1342 cum
1516 1301 1798 1342 asterisco.

342 1333 355 1345 .
518 1291 608 1364 Ἐν
637 1292 901 1364 σωτηρίᾳ.
941 1291 1033 1345 Sic
1057 1290 1294 1364 Colbet't.
1342 1306 1467 1345 cum
1516 1292 1798 1345 asterisco.

212 1361 275 1415 In
306 1362 560 1417 versione
588 1360 1028 1431 Latina'le'gitur,
1082 1362 1139 1414 in
1181 1360 1616 1431 salutemtcum
1659 1372 1803 1414 aste-

212 1437 365 1487 risco
397 1432 549 1495 item,
577 1433 702 1501 quia
732 1430 994 1487 omissum
1023 1431 1202 1501 fuerat
1257 1432 1313 1501 in
1342 1430 1482 1484 LXX
1511 1430 1801 1500 lnterpret.

289 1501 355 1555 ν.
390 1501 489 1573 12.
523 1499 628 1573 Ἀ..
659 1502 987 1573 ἀκυροῦντα.
1032 1503 1116 1563 Σ.,
1170 1499 1428 1554 διαλύσει.
1462 1502 1547 1573 ρ..
1583 1499 1802 1555 διασκε-

209 1572 387 1625 δάσει.
437 1570 528 1626 Sic
557 1570 794 1627 Colbert'.
838 1582 891 1627 et
942 1573 1144 1639 Regius
1174 1587 1338 1625 unus.
1386 1575 1455 1625 At
1488 1571 1713 1625 Drusius
1751 1578 1803 1623 et

208 1642 436 1697 Nicetas
463 1657 531 1696 ex
559 1640 965 1709 Olympiodoro,
1009 1645 1112 1705 Ἀ.,
1174 1640 1500 1711 ἀκυροῦντα.
1553 1643 1633 1706 Σ.,
1684 1640 1800 1693 δια-

208 1712 436 1775 λύοντα,
483 1712 924 1777 διασκεδὰζοντα.
970 1712 1288 1783 Postremas
1319 1725 1451 1783 vero
1487 1711 1801 1783 Symmachi

208 1791 268 1837 et
342 1783 735 1837 Theodotionis
800 1784 1060 1838 lectiones
1123 1782 1203 1835 sic
1276 1782 1539 1836 retulisse
1588 1783 1802 1835 videtur

209 1851 661 1923 Olympiodorus,
682 1862 739 1906 ut
769 1869 893 1907 cum
920 1852 1126 1923 Aquilm
1150 1851 1383 1923 lectione
1416 1860 1800 1923 consonarent.

211 1921 567 1993 Co'lbe’rtinus
597 1924 699 1977 tide
722 1924 938 1993 dignior
967 1921 1071 1986 est,
1106 1921 1232 1993 quia
1261 1925 1570 1991 exscriptus
1600 1937 1666 1975 ex
1695 1922 1802 1974 alio

209 1994 410 2064 quiad
440 1992 689 2061 Tetrapla
723 1990 845 2064 ipsa
875 1994 1177 2064 adornatus
1207 1990 1407 2064 fuerat.

288 2062 354 2118 Υ.
390 2065 478 2117 15.
506 2064 586 2128 Σ.,
606 2059 783 2132 ’βουλῆ
806 2063 863 2115 δὲ
890 2062 1080 2116 σκολιὰ
1109 2060 1531 2131 ταραχθήσεται.
1562 2059 1801 2123 Nicetas,

209 2142 269 2188 et
304 2132 560 2195 Drusius,
583 2145 636 2187 et
664 2133 1035 2198 Colbertinus,
1061 2132 1156 2201 qui
1193 2142 1501 2199 postremus
1535 2134 1801 2201 interpre-

212 2204 287 2258 tis
324 2217 523 2257 nomen
558 2211 719 2258 tacet.

291 2273 351 2329 Υ.
388 2273 476 2327 16.
520 2274 621 2337 Ἀ..
650 2272 845 2343 ἀτόνῳ.
896 2275 981 2328 Σ..
1015 2267 1236 2340 πτωχῷ.
1273 2268 1524 2327 Drusius.
1561 2271 1800 2327 Colbert.

1905 1165 2037 1221 vero
2060 1150 2224 1205 habet
2254 1148 2455 1220 πτωχῷ
2488 1157 2726 1221 tantum,
2761 1151 2879 1206 sine
2918 1150 3228 1221 interpretis
3263 1150 3502 1209 nomine.

1976 1219 2044 1274 V.
2072 1221 2159 1275 l8.
2202 1222 2306 1287 ’A.,
2342 1219 2436 1275 aceti.
2470 1219 2722 1289 μοτὼσει.
2762 1223 2844 1285 Σ.,
2882 1219 3146 1289 ὲπιδήάει.
3178 1221 3428 1277 Drusius.

1979 1290 2160 1347 v.19.
2202 1292 2307 1355 Ἀ.,
2358 1294 2415 1344 ὲν
2450 1290 2509 1356 ἒξ
2549 1303 2652 1346 etc.
2697 1292 2952 1347 Drusius.
2998 1290 3223 1347 Videtur
3253 1290 3504 1349 Theodo—

1908 1362 2071 1418 tionis
2100 1378 2320 1432 quoque
2353 1378 2495 1422 esse,
2532 1372 2592 1415 ut
2626 1377 2864 1431 sequens
2892 1363 3074 1416 lectio.

1906 1466 1937 1502 ε
1977 1432 2111 1485 Ibid.
2154 1434 2258 1493 Ἀ..
2296 1432 2386 1494 Θ..
2416 1433 2510 1485 καὶ
2536 1435 2592 1484 ὲν
2624 1433 2785 1486 ἑπτά.
2820 1432 3071 1488 Drusius.

1980 1502 2045 1556 V.
2079 1502 2170 1557 21.
2206 1504 2463 1568 Ἀλλος,
2516 1503 2812 1565 σκεπάσεις
2850 1503 2958 1572 γὰρ
2991 1513 3094 1557 etc.
3127 1502 3498 1558 Colbertinus.

1910 1571 2174 1641 Suspicor
2217 1574 2684 1641 desumptum'ex
2725 1573 2833 1626 alio
2885 1571 3027 1627 loco.
3090 1573 3355 1641 Ἀλλος,
3398 1574 3511 1629 ἀπ’»

1909 1643 2294 1712 συκοφαντίας.
2338 1642 2484 1697 Idem
2511 1642 2751 1696 Colbert.

1980 1710 2115 1783 Ibid.
2157 1714 2260 1778 ’A.,
2290 1713 2399 1766 ἀπὸ
2424 1712 2705 1783 προνομῆς
2730 1712 3140 1783 ἐπερχομένων.
3172 1710 3263 1767 Sic
3284 1727 3503 1783 omnes.

1981 1782 2048 1839 ν.
2097 1783 2187 1837 25.
2244 1784 2400 1837 Hunc
2444 1781 2777 1837 versiculum
2838 1781 2967 1836 cum
3015 1783 3280 1837 asterisco
3331 1781 3508 1837 adfert

1909 1853 2076 1907 editio
2108 1854 2231 1907 libri
2262 1853 2366 1908 Job
2398 1851 2611 1916 Latina,
2636 1853 2766 1923 quia
2793 1851 2848 1923 in
2882 1851 3024 1904 LXX
3054 1868 3160 1906 non
3196 1853 3412 1923 legitur.

1981 1923 2043 1978 V.
2076 1924 2164 1977 24.
2219 1925 2324 1989 Ἀ.,
2368 1922 2462 1976 καὶ
2494 1922 2767 1993 ἐπισκέψῃ
2807 1922 3121 1993 ὡραιότητά
3157 1922 3274 1988 σονς
3310 1924 3406 1976 καὶ
3439 1922 3501 1975 οὐ

1911 1993 1984 2064 μὴ
2020 1994 2349 2065 ἁμαρτήσῃ.
2373 1993 2608 2065 Drusius
2650 2002 2704 2046 et
2733 1994 3134 2065 Regiusqunus,‘
3158 1994 3251 2061 qui
3286 2001 3502 2065 postre-

1908 2062 2031 2186 rBus
2062 2062 2243 2145 lha‘bet
2273 2062 2367 2117 iul.
2398 2065 2459 2116 οὐ
2501 2062 2870 2135 διαμαρτήσῃ.
2917 2063 2998 2128 Σ.,
3028 2063 3090 2115 οὐ
3116 2062 3502 2136 δυσπραγήσῃ.

1965 2150 2169 2186 rusms.

1965 2150 2169 2189 HISIUS.

1990 2205 2051 2257 ν.
2086 2205 2181 2260 26.
2213 2205 2440 2270 Ἀλλος
2460 2242 2475 2268 ,
2512 2202 2709 2274 σωρός.
2740 2201 2941 2269 Regius
2971 2217 3137 2258 unus.

1608 2428 1866 2494 CAPUT
1931 2429 2014 2488 VI
2063 2429 2229 2489 JOB.

536 2555 944 2611 EYMMAXOL.
1792 2557 1866 2609 0’.

278 2716 343 2795 2.
384 2715 475 2780 Ὠς
521 2717 633 2771 εἴθε
688 2719 1050 2792 ὲσταθμίζετό
1089 2741 1190 2793 μου
1230 2726 1263 2795 ἡ

200 2786 375 2857 ὀργή·
863 2786 874 2792 “
1089 2786 1100 2793 “
1252 2786 1263 2795 ’
1339 2792 1436 2863 τὴν
1461 2790 1651 2861 ὀργήν.

280 2871 357 2932 5.’
372 2878 473 2932 Διὰ
503 2880 662 2933 τοῦτο
687 2882 736 2934 οι
775 2880 922 2951 λόγοι
961 2901 1062 2954 μου
1101 2886 1267 2939 κατά-

201 2965 428 3018 πικροι.
962 2950 973 2954 ⁷
1340 2953 1459 3006 ἐστὶ
1488 2950 1686 3019 φαῦλα.

284 3040 340 3092 4.
373 3039 593 3094 Σαδδαῖ.
1412 3046 1465 3099 4.
1501 3043 1729 3114 Κυρίου.

298 3131 565 3204 Ἀναπνοή
608 3151 711 3203 μου
723 3175 735 3187 .

279 3221 338 3275 5.
381 3223 472 3303 Mi]
496 3224 677 3303 ,στένει
704 3224 846 3298 λιμῷ
874 3228 1103 3298 όναγρος
1130 3248 1270 3303 παρ-

196 3293 384 3361 ούσης
416 3293 579 3364 χλόης
612 3311 627 3359 ;

1342 3369 1518 3439 ζητῶν
1537 3385 1550 3431 ;

286 3452 357 3503 Ἦ
387 3456 534 3524 μηκή
544 3455 740 3517 σεται“;

251 3543 340 3622 _6.
367 3544 514 3622 Mil-ct
567 3544 906 3622 βρῳθήσεται
944 3549 1264 3620 ἀνάρτυτον,

1410 2883 1463 2935 5.
1509 2879 1645 2932 Ἀλλ’
1673 2878 1747 2941 ὡς
1772 2876 1915 2931 ἔοικε
1935 2875 2002 2929 τὰ
2034 2873 2255 2948 ῥήματὰ
2284 2891 2398 2944 pou;

1410 3461 1474 3513 Et
1504 3459 1667 3511 δὲκαὶ
1696 3456 1848 3528 ῥήξει
1879 3472 1893 3521 ;

1415 3550 1468 3604 6.
1526 3551 1589 3603 Εἰ
1640 3547 1981 3619 βρωθήσεται
2042 3544 2206 3616 ἄρτος
2262 3544 2390 3599 ἄνευ
2536 3540 2590 3595 6.

2773 2548 3174 2603 ΘΕΟΔΟΤΙΩΝ.

1409 2722 1463 2775 2.
1490 2720 1553 2772 EE
1583 2717 1691 2788 γάρ
1721 2734 1805 2779 τις
1837 2714 1998 2769 ἱστῶν
2041 2715 2236 2785 στῆσαι
2283 2730 2382 2785 μου
2532 2711 2589 2765 2.

2526 2873 2582 2925 3.
2623 2872 2910 2939 Ἔγκοποι.

2529 3031 2584 3085 4.

1305 3130 1315 3141 ’
1410 3136 1611 3206 Θυμός.
1648 3135 1885 3197 Ἄλλος,
1926 3130 2098 3201 χόλος.

1413 3229 1465 3283 5.
1498 3228 1561 3280 Τί
1585 3227 1725 3296 γάρ;
1777 3224 1851 3295 μὴ
1891 3223 2142 3296 διακενῆς
2187 3221 2391 3296 κεκρὰ-
2530 3221 2586 3268 5.

1343 3299 1489 3364 ξεται
1513 3299 1631 3360 ὄνος
1674 3297 1883 3366 ἄγριος,

2534 3212 2562 3243 κ

1924 3294 2036 3346 ἀλλ’
2088 3294 2122 3364 ἢ
2172 3293 2240 3345 τὰ
2269 3296 2387 3361 citat

198 3613 293 3682 τῷ
336 3616 412 3682 μὴ
437 3613 581 3683 ἔχειν
605 3613 772 3683 mag;
1054 3613 1066 3620 ’
1252 3613 1256 3615 ’
1342 3620 1467 3683 ἁλός
1498 3637 1512 3684 ;

284 3702 340 3757 8ο
1410 3712 1464 3766 8.
1511 3710 1752 3763 Ἐλπίδα.
2532 3702 2586 3757 8.

284 3793 339 3847 9.
378 3796 680 3853 Ἐπιόαλὼν
716 3799 813 3872 τὴν
847 3804 1027 3874 χεῖρα.
1407 3805 1458 3858 9.
1496 3804 1588 3865 Εἰς
1610 3802 1762 3864 τέλος
1780 3800 1858 3856 δέ.
2530 3793 2585 3847 9·

290 3884 377 3944 Ῑθο
415 3946 433 3963 ,
1410 3894 1498 3950 10.
1527 3893 1626 3964 Εῖη
1652 3892 1709 3945 δέ
1745 3908 1846 3962 μου
1875 3889 2028 3953 πόλις
2057 3888 2246 3957 τάφος.
2527 3884 2615 3939 10.
2645 3884 2756 3938 Καὶ
2813 3884 2965 3938 ἔσται
3025 3882 3105 3937 ἔτι
3157 3874 3471 3954 παράκλησί
3498 3902 3503 3911 ⁷

2502 3973 2583 4007 ου.

2502 3973 2583 4007 ου.

290 4044 383 4100 Ηο
1412 4056 1498 4109 Η.
1530 4054 1626 4117 Τίς
1660 4070 1761 4123 μου
1785 4054 1813 4104 ὁ
1846 4052 2058 4123 χρόνος,
2089 4049 2171 4102 ὅτι
2199 4046 2385 4118 ὰνέχε-
2461 3973 2500 4025 μ
2535 4046 2625 4099 Η.

1337 4126 1428 4178 ταί
1456 4142 1556 4196 μου
1588 4126 1621 4193 ἡ
1653 4124 1795 4193 ψυχή
1822 4140 1836 4187 ;

530 4231 981 4292 SYMMACHUS.
1514 4239 1657 4294 LXX
1689 4232 2197 4291 INTERPRETES.
2771 4228 3185 4283 Tl‘lEODOTlO.

285 4347 341 4402 2.
418 4346 640 4405 Utinam
712 4353 1113 4422 appenderetur
1185 4354 1261 4408 ira
1412 4356 1467 4408 2.
1536 4355 1590 4409 Si
1632 4353 1776 4409 enim
1803 4352 1925 4421 quis
1955 4349 2269 4419 appendens
2300 4361 2389 4417 ap-
2530 4345 2586 4400 2.

204 4435 362 4473 mea-
1338 4425 1601 4495 penderet
1635 4426 1769 4477 iram
1808 4437 2007 4475 meam.

285 4515 343 4569 5.
373 4512 502 4569 Ideo
531 4530 814 4573 sermones
836 4518 939 4573 mei
964 4519 1241 4589 peramari

1338 4593 1464 4641 sunt
1503 4585 1666 4638 mala.

284 4679 342 4731 4.
381 4675 600 4733 Saddai.
836 4702 843 4709 υ
1408 4679 1461 4732 4.
1500 4675 1736 4730 Domini.

285 4767 603 4838 Respiratio
634 4785 777 4826 mea.

287 4866 345 4920 5.
398 4864 539 4920 Num
592 4876 794 4940 gemet!
838 4866 984 4923 fame
1036 4883 1259 4940 onager,

201 4946 487 5008 prasente
516 4937 802 5008 gramine?

1365 5000 1508 5054 ens?

276 5100 398 5151 Aut
422 5080 671 5163 mugiet?

280 5190 337 5242 6.
377 5185 655 5257 Numquid
702 5190 1021 5243 comedetur
1074 5190 1259 5260 insupn

197 5260 367 5323 dum,
406 5252 557 5328 quod
592 5274 703 5313 non
738 5260 931 5314 habeat
957 5252 1196 5315 salem?'
1330 5254 1444 5309 sale
1477 5252 1499 5304 ?

281 5348 339 5402 8.
1403 5343 1458 5397 8.
1497 5340 1683 5411 Spem.

282 5438 340 5492 9.
368 5437 507 5493 Cum
539 5437 786 5509 injecerit
813 5454 1059 5495 manum.

282 5528 377 5581 10.
1411 5524 1495 5578 10.
1551 5522 1633 5577 Sit
1675 5530 1846 5577 autem

1944 5535 2028 5575 lea
2068 5519 2260 5575 civitas
2300 5534 2377 5575 se-

1337 5596 1587 5666 pulcrum
1600 5634 1612 5645 .

1410 4516 1464 4568 5.
1504 4515 1609 4568 Sed
1647 4525 1704 4568 ut
1772 4513 1992 4567 videtur
2054 4507 2220 4562 verba
2265 4524 2383 4564 mea

1407 5435 1464 5489 9.
1497 5433 1552 5486 In
1595 5433 1756 5485 tinem
1788 5438 1993 5484 autem.
2521 5433 2555 5487 9

2527 4508 2581 4562 '5.
2622 4505 2942 4560 Laboriosa.

2526 4670 2581 4724 4.

1409 4767 1606 4823 Furor.
1638 4767 1812 4832 Alius,
1848 4763 1951 4820 ira.

1414 4860 1469 4913 5.
1506 4857 1646 4924 Quid
1674 4856 1861 4910 enim?
1881 4853 2159 4925 Numquid
2182 4854 2380 4911 frustra
2523 4854 2577 4907 5.

1337 4945 1539 5000 onager
1569 4928 1850 4991 clamabit,
1880 4926 1984 4981 nisi
2016 4941 2173 4982 escas
2203 4928 2382 4997 requi-

1407 5089 1682 5159 Numquid
1717 5098 1769 5142 et
1804 5088 2101 5156 erumpet?

1406 5182 1458 5235 6.
1512 5180 1569 5235 Si
1621 5180 1933 5235 comedetur
1972 5180 2129 5247 panis
2175 5178 2380 5247 absque
2525 5179 2578 5235 6.

2527 5340 2581 5394 8.

2525 5522 2611 5577 to.
2677 5521 2741 5578 Et
2798 5523 2903 5578 erit
2962 5521 3140 5579 adhuc
3195 5513 3515 5591 consolatio

2453 5609 2594 5647 mea.

282 5690 381 5745 il.
1406 5688 1494 5741 ll.
1524 5685 1682 5752 Quod
1708 5694 1921 5753 tempus
1947 5698 2153 5749 meum,
2181 5691 2239 5738 ut
2264 5698 2380 5739 sus-
2527 5685 2613 5738 Η.

1337 5760 1506 5816 tineat
1529 5756 1711 5812 anima
1749 5756 1907 5810 mea?
