3888 6214
558 284 668 340 405

558 542 928 596 uminaribus.

823 774 912 826 ΤΟ
940 773 1311 826 ΕΒΡΑΙΚΟΝ.

637 922 889 1000 νεπῃτίπιπ
926 947 1122 1001 mm:
1159 946 1289 1000 nm
1334 949 1348 985 I
1393 948 1458 995 τη
1494 937 1528 990 5

1239 1076 1465 1160 inmune
1494 1099 1528 1152 4

902 1197 1089 1251 mann
1125 1174 1216 1253 ’ὃν
1251 1198 1458 1250 malm
1496 1189 1530 1242 5

620 1360 771 1416 um
803 1351 837 1406 6
888 1352 942 1404 Ὁ
993 1351 1274 1418 Ἑϐραῖος,
1305 1350 1523 1420 ἔπληξε.

733 1452 878 1506 nam
912 1424 1003 1501 n51
1041 1452 1172 1500 om
1208 1450 1363 1524 pars
1400 1445 1461 1524 in
1496 1442 1526 1492 7

831 1612 1012 1667 mw
1048 1585 1146 1662 δέη
1178 1611 1281 1662 -Πλ
1319 1610 1462 1662 ’Πηκ
1494 1600 1528 1653 8

1148 1771 1369 1822 unum:
1383 1775 1419 1788 -
1431 1747 1528 1825 51:1

1254 1864 1419 1914 mm
1462 1853 1529 1906 12

547 1932 714 2012 73.135
750 1959 885 2010 me
921 1957 1056 2008 manu
1087 1957 1238 2006 om
1269 1931 1361 2010 ’ὃν
1391 1929 1531 2003 iam

1296 2256 1417 2304 7-1::
1459 2245 1527 2298 15

911 2351 1052 2402 ’.1Ὦὲ
1089 2323 1207 2399 7:25
1245 2349 1422 2400 vnum
1461 2340 1525 2393 t7

819 2513 879 2565 va
913 2514 1066 2566 nm
1103 2485 1422 2567 βήτην-ω
1464 2502 1528 2555 18

1154 2673 1270 2725 mo
1311 2672 1423 2723 vnn
1462 2661 1529 2716 19

654 2770 805 2826 mw
833 2771 981 2825 nam
1017 2768 1232 2819 tamn
1265 2768 1422 2821 νήπιε
1460 2757 1531 2809 20

939 3006 1040 3056 uta
1075 3005 1215 3059 1w:
1251 2977 1531 3054 nummi

655 3183 912 3240 VERSIO
948 3182 1270 3236 HEBRAICI
1299 3178 1505 3236 ΤΕΧΤ.

621 3301 675 3356 5.
733 3299 856 3355 Jam
918 3299 1102 3356 decem
1155 3297 1365 3352 vicibus
1401 3295 1608 3365 pudore

549 3371 808 3430 aﬂecistis
837 3385 944 3426 me.

621 3464 674 3519 4.
703 3462 874 3517 Error
898 3476 1076 3516 meus.

621 3626 678 3680 5.
711 3623 779 3679 Et
824 3623 1117 3693 argueritis
1165 3636 1331 3691 super
1372 3635 1458 3675 me
1506 3635 1601 3690 op-

549 3696 836 3767 probrium
875 3710 1080 3748 meum.

607 3786 660 3840 6.
681 3785 1068 3843 Pervertitme.
1093 3783 1600 3852 Hebrwus,percus-

548 3858 646 3914 sit.

621 3948 674 4002 7.
708 3948 790 4002 En
820 3948 1071 4002 clamabo
1098 3946 1381 4015 injuriam,
1409 3955 1463 4000 et
1488 3960 1595 3999 non

548 4019 832 4073 exaudiar.

621 4109 676 4164 8.
701 4107 965 4164 Semitam
989 4123 1164 4164 meam
1188 4108 1377 4178 sepsit,
1411 4115 1465 4161 et
1487 4122 1592 4162 non

549 4181 814 4235 transibo.

619 4270 687 4324 Et
714 4285 882 4340 super
914 4269 1126 4326 semitis
1165 4269 1320 4325 meis.

616 4367 710 4421 12.
734 4365 1019 4422 Exercitus
1045 4366 1192 4437 ejus.

619 4457 688 4512 Et
725 4466 1041 4513 straverunt
1097 4470 1257 4526 super
1305 4471 1394 4512 me
1448 4455 1595 4509 viam

547 4545 727 4593 suam,
758 4537 812 4583 et
852 4531 1226 4584 castrametati
1273 4536 1402 4582 sunt
1452 4529 1597 4580 circa

549 4600 967 4654 tabernaculum
1000 4614 1202 4653 meum.

617 4833 706 4887 l5.
734 4830 1066 4888 Extraneus.

617 4923 706 5006 4.7.
757 4921 823 4977 Et
871 4920 1208 4993 deprecabor
1254 4921 1398 4976 filios
1455 4922 1594 4976 uteri

542 5010 673 5048 Ille].

617 5154 705 5209 18.
739 5153 916 5210 Etiam
948 5154 1128 5225 iniqui
1154 5154 1519 5224 despexerunt
1540 5153 1594 5206 in

543 5240 655 5282 me.

613 5318 704 5373 19.
741 5317 857 5372 Viri
891 5319 1088 5374 secreti
1117 5320 1242 5372 mei.

613 5408 801 5465 20.1n
854 5413 994 5480 pelle
1047 5427 1164 5465 mea
1215 5418 1270 5465 et
1320 5412 1375 5464 in
1428 5423 1592 5464 carne

542 5495 666 5535 mea
699 5482 926 5536 adbazsit
957 5498 1019 5538 os
1049 5497 1252 5537 meum.

545 5641 684 5770 ruEt
713 5645 860 5704 evasi
893 5645 948 5700 in
991 5644 1130 5715 pelle
1162 5644 1410 5701 dentium
1443 5658 1595 5699 meo-

620 5729 692 5767 ω.

620 5729 692 5767 Ill.

1583 277 2066 335 HEXAPLORUM
2105 277 2272 345 QUAL
2317 279 2395 334 δι
2408 273 2754 332 PERSUNT.

557 398 683 454 dem
739 399 1051 469 interpretis
1085 399 1314 455 diversae
1355 415 1465 454 non
1515 400 1681 454 modo
1730 400 2014 469 lectiones.
2049 399 2142 452 sed

557 470 724 524 etiam
759 468 1237 539 interpretationes
1264 469 1509 525 ferantur
1538 487 1550 523 :
1587 485 1698 540 qua
1726 469 1794 524 de
1827 486 1885 524 re
1917 470 1969 521 in
1999 468 2144 523 Prae-

3714 274 3810 329 404

2327 398 2391 452 ν.
2426 400 2510 452 16.
2549 400 2631 462 Σ.,
2661 399 2693 467 ἡ
2724 396 2906 466 χαίτη.
2934 392 3302 467 (Ζοᾷιὺθιοιξηυξ.

2328 469 2389 524 ν.
2426 470 2510 523 17.
2544 462 2788 527 Ἀλλά,
2822 462 2884 518 oi’
2903 465 3088 528 παῖδες
3121 463 3304 516 αὑτοῦ.
3331 462 3498 517 Idem.

2322 539 2456 594 Ibid.
2492 541 2574 604 Σ.,
2607 539 2700 592 καὶ
2738 538 2837 590 οὐκ
2876 536 3026 588 ἔσται
3067 545 3173 589 etc.
3210 531 3430 588 Omnes.
3487 533 3616 603 Reg.
3645 541 3813 588 tamen

1850 650 2108 712 CAPUT
2164 651 2321 712 XIX
2377 653 2544 712 JOB.

1955 775 2044 826 ΤΟ
2085 774 2436 826 EBPAIKON

1861 846 2192 916 Ἑλληνικοῖς
2228 845 2538 915 γράμμασι.

1752 941 1812 995 ’5.

1745 1105 1802 1158 4.

1746 1194 1798 1247 5.

1742 1357 1799 1410 ὅ.

1744 1448 1804 1503 7.

1746 1611 1799 1665 8.

1745 1854 1842 1910 ii.

1748 2249 1843 2303 15.

1745 2343 1840 2396 17.

1747 2505 1836 2560 18.

1747 2665 1838 2721 19.

1744 2759 1840 2812 ‘20.

1872 3177 2206 3235 VULGATA
2253 3178 2530 3238 LATINA.

1754 3295 1808 3349 5.
1839 3294 1918 3350 En
1946 3296 2129 3352 decies
2160 3295 2495 3352 confunditis
2522 3310 2628 3350 me.

1749 3458 1802 3512 4.
1842 3457 2176 3528 Ignorantia.

1743 3621 1798 3694 5.
1859 3621 1925 3676 Ει
1975 3621 2204 3692 arguitis
2252 3638 2339 3678 me
2404 3621 2719 3694 Opprobriis

1672 3693 1830 3747 meis.

1744 3785 1798 3840 6.
1838 3784 2104 3839 Amixerit
2132 3798 2236 3840 me.

1743 3947 1794 4002 7.
1837 3947 1979 4002 Ecce
2022 3946 2274 4004 clamabo
2314 3947 2427 4003 vim
2480 3948 2712 4018 patiens,

1667 4026 1722 4072 et
1749 4034 1909 4073 nemo
1939 4019 2140 4072 audiet.

1741 4111 1794 4165 8.
1824 4109 2085 4183 Semitam
2112 4126 2289 4165 meam
2317 4112 2715 4183 rircumsepsit,

1671 4193 1726 4237 et
1754 4181 1993 4235 transire
2028 4196 2135 4235 non
2170 4197 2416 4250 possum.

1739 4272 1807 4327 Et
1835 4273 1892 4326 in
1918 4273 2055 4328 calle
2089 4290 2232 4329 meo.

1741 4365 1830 4420 l2.
1862 4363 2131 4421 Latrones
2160 4367 2299 4435 ejus.

1741 4457 1811 4512 Et
1851 4460 2102 4515 fecerunt
2132 4459 2237 4514 sibi
2282 4459 2424 4513 viam
2469 4473 2562 4526 per
2609 4472 2715 4522 me,

1668 4539 1723 4584 et
1761 4531 2099 4586 obsederunt
2126 4531 2183 4584 in
2215 4545 2349 4600 gyro
2391 4532 2715 4583 tabernacu-

1667 4600 1782 4656 lum
1810 4617 2020 4656 meum.

1742 4831 1827 4886 15.
1861 4829 2210 4901 Peregrinus.

1739 4923 1827 4977 17.
1858 4923 1924 4977 Et
1956 4924 2181 4978 orabam
2213 4923 2354 4978 ﬁlios
2381 4925 2518 4978 uteri
2546 4923 2679 4980 mei.

1667 5153 1828 5278 Ιι118.
1867 5153 2027 5209 Stulti
2073 5170 2293 5226 quoque
2344 5155 2714 5227 despiciebant

1726 5241 1775 5278 e.

1726 5241 1775 5278 θ.

1740 5317 1828 5372 19.
1856 5316 2169 5373 Consiliarii
2198 5319 2324 5374 mei.

1737 5409 1828 5467 20.
1857 5409 1988 5483 Pelii
2023 5427 2176 5475 meae,
2213 5412 2553 5483 consumptis
2595 5427 2716 5468 car-

1667 5480 1852 5548 nibus,
1885 5481 2116 5537 adbazsit
2145 5497 2207 5537 os
2234 5498 2438 5537 meum.

1740 5646 1805 5700 Et
1847 5646 2102 5701 derelicta
2154 5655 2282 5702 sunt
2333 5649 2714 5707 tantummodo

1670 5717 1812 5773 labia
1845 5718 1990 5776 circa
2016 5720 2202 5776 dentes
2234 5733 2406 5775 meos.

3169 769 3469 824 ΔΚΥΔΑΣ.

2866 937 2922 991 5.

2955 1188 3062 1242 Kal.
3092 1187 3340 1257 ἐλέγχετε
3392 1186 3475 1240 ἐπ’
3521 1184 3619 1258 ἐμὲ
3648 1182 3825 1239 ὀνειδι-

2797 1260 2931 1330 σμόν
2955 1276 3076 1330 μου.

2868 1354 2923 1404 6.

2865 1443 2915 1499 7.

2866 1605 2915 1660 8.

2876 1860 2960 1915 12.

2869 2253 2957 2306 15.
2988 2251 3175 2314 Ξένος.

2873 2344 2958 2398 17.

2868 2505 2957 2561 18.

2997 2759 3083 2810 Ἑν
3105 2755 3334 2828 δέρματῐ
3362 2773 3465 2828 pou
3493 2755 3585 2808 καὶ
3607 2755 3664 2808 ὲν
3685 2751 3840 2826 κρέει

2795 2847 2895 2901 μου
2920 2826 3182 2900 ὲκολλήθή
3215 2828 3276 2880 τὸ
3313 2826 3502 2879 ὀστοῦν
3541 2844 3662 2898 μου.

3190 3177 3469 3247 AQULLA.

2871 3295 2923 3350 5.

2864 3461 2919 3514 4.

2869 3627 2920 3680 5.
2951 3625 3017 3679 Et
3063 3625 3290 3692 arguitts
3322 3636 3488 3694 super
3522 3635 3608 3676 me
3635 3633 3839 3690 oppro-

2793 3698 2974 3753 brium
3006 3712 3211 3752 meum.

2865 3792 2918 3846 6.

2865 3951 2916 4005 7.

2863 4110 2918 4167 8.

2864 4371 2956 4426 12.

2863 4833 2951 4888 15.
2980 4832 3326 4907 Peregrinus.

2864 4926 2952 4982 17.

2861 5157 2947 5213 18.

2860 5320 2946 5374 19.

2863 5413 2955 5466 ‘20.
3004 5410 3060 5465 In
3119 5413 3259 5482 pelle
3313 5426 3430 5466 mea
3479 5419 3532 5465 et
3580 5411 3639 5465 in
3676 5426 3844 5466 carne

2789 5499 2912 5540 mea
2943 5485 3336 5555 agglutinatum
3371 5491 3452 5538 est
3480 5499 3542 5538 os
3577 5498 3802 5538 meum.
