3888 6214
38 350 183 425 tct‘
1379 367 1501 425 JOB
1536 367 1669 423 CAP

1757 368 1770 423 .'
1807 366 2007 425 XXIX.
2286 394 2289 397 -
3230 364 3340 421 462

382 486 786 541 ΣΥΜΜΑΧΟΣ.
1658 487 1738 539 0'.
2610 480 3015 535 ΘΕΟΔΟΤΙΩΝ.

113 647 215 700 25.
249 641 513 718 Συῧῆκεν.
1186 672 1191 677 -
1255 646 1343 700 25.
1373 646 1725 718 Συνέστησεν.
2362 645 2454 698 2‘5.

114 736 217 789 25.
248 735 432 807 ’Υδωρ
462 735 519 788 δὲ
548 734 768 799 ἐξίσωσε
799 733 1002 805 μέτρῳ.
1259 737 1349 792 25.
1519 740 1608 791 καὶ
1644 737 1669 790 ὖ

1757 755 1833 801 τος
1863 738 2077 809 μέτρα.
2362 740 2453 794 25.

117 896 217 950 26.
254 896 352 959 Εἰς
383 895 586 949 κτύπον
626 895 837 963 φωνῶν.
1248 900 1339 955 26,
1383 901 1472 953 Ἑν
1501 898 1669 968 τινάγ,

1757 917 1795 952 τι
1837 901 2040 968 φωνάς.
2366 900 2460 955 26.

114 991 218 1048 27.
1248 989 1340 1043 27.
1375 991 1698 1061 Ἐτοιμάσας
1732 990 2053 1061 ἐξιχνίασεν.
2361 989 2733 1079 27..Διέταξεν
2767 989 2936 1059 αὐτὴν
2979 988 3073 1042 καὶ
3098 985 3330 1058 ἐρεύνη-

2295 1078 2384 1115 σεν
2412 1078 2603 1131 αυτην.

344 1176 788 1233 SYMMACHUS.
1353 1176 1499 1231 LXX
1530 1176 2031 1234 INTERPRETES.
2610 1179 2702 1233 ΤΗ
2710 1177 3021 1234 EODOTlO.

113 1297 214 1351 23.
248 1290 533 1353 lntellexit.
1245 1295 1336 1350 25.
1377 1295 1691 1351 Constituit.
2362 1297 2453 1352 23.

116 1393 215 1446 25.
245 1394 459 1462 Aquam
484 1406 612 1447 vero
632 1390 937 1462 adaequavit
958 1405 1104 1446 men-
1244 1387 1408 1442 25....
1432 1387 1498 1441 Et
1540 1404 1696 1458 aquae
1722 1403 2032 1445 mensuras.
2360 1389 2449 1443 25.

36 1481 217 1519 sume.

114 1554 211 1607 26.
250 1554 336 1608 Ad
372 1553 655 1623 strepitum
685 1568 899 1607 vocum.
1242 1550 1333 1603 26.
1365 1549 1423 1603 In
1453 1550 1817 1641 concussione
1848 1565 2033 1606 voces.
2363 1548 2454 1602 26.

116 1646 218 1699 27.
1242 1642 1332 1697 27.
1361 1642 1499 1698 Cum
1532 1639 1799 1712 parasset,
1842 1641 2211 1713 investigavit.
2357 1640 2448 1695 27.
2490 1639 2770 1694 Ordinavit
2816 1654 2935 1695 eam
2983 1645 3036 1693 et
3076 1653 3329 1709 perscru-

2288 1719 2431 1765 tatus
2457 1722 2539 1766 CSI.
2564 1726 2682 1765 eam
2692 1747 2709 1764 ο

895 1837 1072 1896 Notte
1114 1841 1176 1897 et
1209 1840 1403 1897 varies
1431 1834 1741 1897 lectiones
1772 1835 1849 1897 ad
1876 1852 2012 1915 cap.
2035 1834 2320 1925 .XXVIII
2349 1835 2492 1896 Job.

111 1962 259 2017 Ibid.
320 1963 427 2030 ’Ᾱ.;
476 1962 579 2015 οὐκ
626 1961 1079 2033 ἀναϐληθήσεται.
1130 1959 1333 2016 Omnes
1400 1975 1533 2015 mss.
1584 1967 1639 2014 et

40 2032 308 2085 Drusius.

90 2049 308 2087 I'USIIIS.

118 2104 261 2156 Ibid.
310 2103 393 2166 Σ.,
438 2101 647 2173 χρυσίῳ
704 2101 1356 2173 πρωτείιρηδίοίοῐηηθε
1403 2115 1536 2155 mss.
1580 2109 1639 2173 et

37 2172 305 2227 Drusius.
337 2171 583 2237 Ἄλλος,
620 2171 967 2242 σαρδονυχίῳ.
992 2172 1241 2227 Drusius.
1270 2172 1518 2237 Ἀλλος,
1539 2171 1639 2223 οὐκ

39 2243 667 2313 ἁντισταθμισϐήσεται.
684 2242 1063 2313 ίϐοιὶξθτιίηιιε.

116 2314 260 2366 Ibid.
306 2310 390 2383 Σ.,
436 2310 771 2383 κρύσταλλος
814 2312 1099 2383 ῥιαφανής.
1147 2310 1300 2367 Hanc
1332 2310 1638 2383 lectionem

37 2384 309 2437 adferunt
336 2380 681 2436 Colbértinus
725 2390 778 2435 et
822 2380 953 2450 Reg.
1006 2380 1147 2435 unus
1177 2382 1295 2436 sine
1330 2380 1639 2448 interpretis

38 2455 297 2507 nomine.
330 2452 592 2506 Putamus
638 2466 759 2505 esse
809 2450 1122 2521 Symmachi
1167 2468 1182 2504 :
1219 2452 1312 2505 sed
1363 2466 1477 2506 rem
1530 2466 1639 2503 non

38 2526 395 2577 exoloratam
430 2538 551 2575 esse
580 2521 792 2575 duobus
826 2523 1043 2575 uncinis
1074 2521 1403 2575 indicamus.

147 2595 262 2646 bid.
296 2594 380 2658 Σ.,
421 2592 540 2644 οὐδὲ
568 2592 1164 2662 ἀντικαταλλαγήσεται
1192 2598 1296 2646 etc.
1333 2591 1423 2647 Sic
1448 2609 1638 2650 omnes

42 2679 190 2717 mss.
224 2672 281 2715 et
307 2663 558 2716 Drusius.

118 2733 259 2787 lbid.
286 2734 373 2793 Σ.,
403 2731 583 2802 ὑψηλὰ
608 2731 701 2784 καὶ
731 2729 961 2802 etc.Sic
984 2730 1163 2802 locum
1196 2730 1414 2802 plenum
1441 2732 1641 2788 habent

40 2818 246 2857 omnes
266 2819 431 2859 tnss..
451 2797 771 2855 truncatum
798 2801 1064 2856 adtulerat
1084 2797 1328 2856 Drusius.
1360 2800 1504 2857 LXX
1539 2805 1638 2858 ha-

40 2876 197 2936 bent,
247 2870 836 2944 μετὲωραλκαὶᾼΓαϐίς.
892 2872 947 2944 l_n
990 2886 1114 2925 eum
1161 2886 1289 2944 vero
1312 2872 1496 2944 locum
1537 2874 1642 2944 ltoc

40 2940 278 2996 notatur
311 2943 365 2995 in
414 2940 729 2995 Colbertino
758 2957 772 2992 :
806 2940 950 3003 τινές
1003 2958 1166 3009 φασιν
1197 2940 1278 2993 ὅτι
1311 2942 1505 3005 Γαόεὶς
1548 2943 1638 2996 λέ-

40 3030 204 3079 γεται
257 3012 321 3065 τὸ
369 3012 632 3082 ὑπερέχον
664 3010 755 3082 τοῦ
788 3009 1118 3082 χείλους-τοῦ
1152 3010 1429 3082 μεδίμνου,
1476 3013 1517 3082 δέ
1539 3030 1640 3067 κα-

40 3082 219 3135 λεῖται
272 3080 669 3151 κομμουλὰτον.
718 3081 771 3133 Id
821 3089 937 3142 est,
970 3080 1206 3151 Quidam
1241 3081 1424 3133 dicunt
1478 3081 1638 3136 Gabi:

40 3154 249 3215 uocari,
298 3150 436 3220 quod
467 3153 812 3218 supereminet
855 3150 911 3203 in
958 3150 1110 3203 labro
1141 3151 1393 3204 medimm'
1414 3192 1430 3218 ,
1460 3162 1509 3207 et
1546 3169 1638 3206 vo-

41 3234 201 3275 catur
233 3222 581 3274 cumulatum.

117 3293 262 3347 lbid.
292 3292 377 3355 Σ.,
404 3292 503 3343 οὑκ
529 3289 984 3360 ἀναϐληθήσεται.
1014 3286 1248 3345 Nicetas.
1276 3287 1368 3345 Sic
1393 3292 1639 3347 eamdem

1322 3431 1582 3493 CAPUT
1640 3429 1857 3493 XXIX
1908 3428 2075 3491 JOB.
2171 3456 2176 3461 ·

1662 3558 1737 3607 0’.
2036 3563 2041 3567 ’

373 3561 774 3615 ΣΥΜΜΑΧΟΣ.

113 3728 172 3809 2.
201 3726 433 3809 Tig't’iq'm
462 3743 530 3795 με
569 3725 709 3779 κατὰ
754 3725 879 3788 τοὺς
917 3723 1095 3794 μῆνας

43 3798 172 3862 τοὺς
210 3790 495 3867 πρώτους’;
919 3790 931 3794 ⁷
983 3790 993 3794 ⁷
1168 3790 1521 3861 ἕμπροσθεν;

1248 3880 1520 3953 Ἦμερῶν,
1549 3873 1622 3935 ὧν
1659 3899 1726 3953 με
1764 3885 1793 3935 6
1839 3882 1972 3944 Θεὸς
2003 3880 2204 3949 ἐφύλα-

1164 3951 1274 4017 ξεν.

118 4048 155 4067 ρ

206 4138 415 4209 ’Ὥσπερ
444 4138 590 4209 ἥμην
621 4138 679 4189 ὲν
710 4136 947 4209 ἡμέραις
977 4136 1089 4188 νεό-

42 4227 210 4280 τητος
240 4226 361 4278 μου.

130 4301 325 4353 Ὁπότε
353 4299 752 4371 περιέφρασσεν
770 4299 799 4349 ὁ
827 4297 959 4362 Θεὸς
990 4298 1090 4368 τὴν

46 4373 257 4442 σκηνήν
284 4387 403 4440 μου.
428 4368 439 4371 “
528 4368 531 4369 ⁷
555 4368 566 4371 ’
1159 4368 1253 4422 τοῦ
1282 4368 1431 4421 οἴκου
1459 4384 1583 4437 μου.

1748 1978 1938 2017 vocem
1966 1962 2125 2017 vertit
2153 1961 2346 2030 Aquila
2377 1977 2561 2030 supra,
2594 1978 2649 2017 v.
2682 1960 2766 2015 l6.

1817 2035 1949 2087 Ibid.
1990 2035 2093 2099 ’A.,
2123 2028 2291 2101 γλυκὺ
2322 2033 2379 2085 δὲ
2417 2028 2521 2088 etc.
2571 2032 2834 2097 Colbert.,
2881 2029 3059 2097 0rat.,
3094 2028 3314 2087 Nicetas

1741 2113 1794 2159 et
1825 2103 2073 2158 Drusius.
2190 2102 2217 2130 ⁶
3284 2136 3304 2151 .

1817 2173 1882 2228 ν.
1928 2175 2017 2228 21.
2053 2173 2401 2228 Colbertinus
2438 2188 2563 2227 cum
2598 2172 2906 2243 asterisco,_
2934 2172 2997 2224 ἐκ
3036 2172 3103 2243 Θ.
3154 2172 3322 2243 οἱγβπ

1742 2245 1779 2299 i.
1807 2260 1880 2309 e.,
1917 2242 2115 2296 "iiduo
2140 2244 2383 2297 versiculi
2406 2259 2470 2297 ex
2497 2243 2866 2297 Theodotione.
2888 2240 2944 2295 In
2961 2242 3196 2297 editione
3219 2240 3327 2296 La-

1741 2318 1877 2380 tina,
1908 2315 2183 2368 secundus
2202 2315 2522 2376 versiculus,
2547 2323 2595 2367 et
2620 2330 2653 2365 a
2674 2313 2944 2367 volucrum
2967 2312 3080 2366 caeli
3103 2313 3325 2367 abscon-

1740 2386 1855 2438 dita
1875 2393 1979 2447 est;
2001 2394 2055 2437 et
2079 2400 2313 2452 sequens
2333 2384 2403 2455 (νζ
2429 2384 2543 2454 22),
2566 2385 2790 2453 perditio
2812 2396 2859 2437 et
2885 2399 3025 2455 mors
3048 2384 3322 2445 dixerunt,

1741 2456 2020 2509 asteriscis
2055 2452 2349 2508 notantur.
2370 2453 2474 2509 Sed
2502 2452 2577 2508 ibi
2612 2455 2858 2508 asterisci
2890 2452 3205 2520 frequenter
3232 2469 3321 2507 se-

1740 2541 1839 2579 cus
1869 2540 2032 2593 quam
2068 2527 2353 2593 oportebat
2388 2526 2654 2578 locantur.
2686 2523 2917 2579 Praestat
2947 2523 3320 2577 Colbertinum

1741 2595 1918 2662 sequi.
1964 2593 2023 2647 ln
2065 2595 2253 2647 eadem
2287 2597 2534 2649 versione
2562 2593 2775 2658 Latina,
2822 2594 2875 2647 hi
2902 2593 3010 2647 duo
3042 2594 3319 2658 versiculi,

1742 2664 1810 2716 Et
1838 2666 1976 2717 viam
2010 2666 2333 2733 tempestatis
2362 2666 2593 2717 vocibus.
2636 2663 2779 2717 Tunc
2808 2665 2938 2717 vidit
2971 2680 3108 2728 eam,
3148 2672 3196 2717 et
3229 2680 3324 2717 ea.-

1740 2736 1914 2803 posut‘t
1961 2750 2105 2795 eam;
2154 2750 2386 2803 quorum
2420 2735 2568 2803 prior
2615 2736 2851 2802 pertinet
2896 2733 2962 2787 ad
3000 2735 3321 2788 hodiernum

1739 2820 1957 2859 versum
1975 2804 2064 2869 26,
2090 2804 2360 2872 posterior
2386 2807 2452 2859 ad
2472 2805 2564 2870 27,
2580 2807 2855 2861 asteriscis
2881 2812 3138 2859 notantur
3160 2819 3321 2860 secus

1740 2890 1903 2944 quam
1942 2876 1994 2926 in
2031 2874 2361 2929 Colbertino.

1814 2943 1878 2996 ν.
1907 2945 1998 2998 25.
2032 2946 2116 3008 Σ.,
2151 2944 2401 3013 συνῆκεν.
2434 2944 2526 2999 Sic
2551 2960 2764 3001 omnes.

1810 3013 1990 3086 1‘25.
2035 3016 2137 3076 ’A.,
2166 3013 2427 3086 xalep
2460 3026 2565 3070 etc.
2597 3016 2704 3069 Has
2735 3015 2944 3085 Aquilae
2980 3022 3034 3068 et
3064 3013 3317 3086 Symma-

1740 3085 1827 3139 chi
1870 3084 2129 3139 lectiones
2153 3084 2413 3138 exhibent
2440 3102 2630 3141 omnes
2660 3103 2792 3139 mss.
2830 3096 2886 3140 et
2920 3086 3071 3140 editi.

1811 3154 1874 3225 Υ.
1907 3154 1997 3207 26.
2030 3156 2111 3219 Σ.,
2146 3156 2225 3225 εἰς
2256 3154 2460 3225 κτύπον
2493 3157 2705 3225 φωνῶν.
2741 3154 2964 3211 Omnes.

1814 3222 1879 3277 V.
1906 3225 1996 3277 27.
2028 3225 2114 3291 6.,
2144 3224 2384 3288 διέταξεν
2416 3222 2519 3280 etc.
2548 3225 2769 3281 Omnes.

2603 3555 3001 3613 ΘΕΟΔΟΤΙΩΝ.

1236 3720 1292 3774 2.
1320 3719 1412 3783 Τίς
1465 3719 1531 3773 ἄν
1588 3736 1655 3790 με
1709 3718 1827 3790 Θείη
1886 3718 2027 3772 κατὰ
2060 3718 2206 3789 μῆνα
2342 3720 2401 3773 2.

2345 3866 2504 3956 Κατὰ
2528 3882 2625 3949 τὰς
2649 3882 2861 3956 ἡμέρας
2878 3882 2943 3946 ἃς
2973 3884 3001 3935 ὁ
3031 3882 3161 3948 Θεὸς
3182 3865 3313 3955 €796:

2274 3952 2440 4005 λασσέ
2476 3970 2563 4024 με.

117 4048 175 4103 ’5.
1234 4044 1287 4098 5.
1324 4043 1513 4112 Ηῦγει.
1552 4044 1798 4108 Ἄλλος,
1853 4041 2116 4113 ἔλαμπεν.
2344 4043 2400 4100 5.

1232 4135 1285 4190 4.
1317 4137 1449 4188 Ὅτε
1483 4136 1633 4206 ἥμην
1664 4134 1962 4206 ὲπιϐρίθων
1991 4134 2164 4198 ὁδούς.
2344 4137 2401 4191 4.

1235 4298 1363 4351 "Ore
1394 4298 1422 4349 6
1453 4295 1585 4360 Θεὸς
1612 4295 1916 4366 ἐπισκοπὴν
1967 4296 2204 4349 ἐποιεῖτο

114 4464 173 4518 5.
1233 4458 1286 4511 5.
1324 4454 1600 4526 Κύκλῳδέ
1640 4472 1739 4524 μου
1762 4456 1811 4507 οἱ
1839 4454 2199 4526 παῖδεςβΑλ-
2343 4456 2399 4512 5.

1164 4531 1292 4593 λος,
1322 4524 1577 4596 ἀγόμενοι
1610 4526 1700 4577 ὑπ’
1732 4524 1889 4593 ἐμοῦ.

116 4622 173 4676 8.
217 4618 365 4672 Νέοι.
1236 4618 1288 4673 8.
1321 4617 1634 4670 Νεανίσκοι.
2347 4612 2398 4666 8.
2435 4613 2583 4665 Νέοι.

340 4756 785 4814 SYMMACHUS.
1338 4754 1478 4810 LXX
1506 4752 2012 4809 INTERPRETES.
2588 4751 2998 4807 THEODOTlO.

118 4882 175 4935 2.
209 4878 344 4946 Quis
371 4879 578 4933 dederit
610 4878 744 4933 mihi
777 4878 1080 4935 secundum
1223 4875 1278 4930 2.
1331 4874 1467 4941 Quis
1505 4876 1694 4944 utique
1754 4890 1840 4928 me
1894 4882 2058 4946 ponat
2114 4889 2199 4929 se—
2343 4882 2401 4931 2.

48 4967 269 5008 menses
298 4950 547 5018 primos?

1157 5109 1312 5164 divit.

1160 4946 1401 5001 cundum
1437 4960 1681 5000 mensem
1715 4944 1919 5014 prius?

1233 5038 1470 5101 Dierum,
1512 5038 1712 5109 quibus
1741 5054 1827 5091 me
1852 5036 1996 5091 Deus
2017 5045 2201 5092 custo-

2345 5039 2656 5094 Seeundum
2688 5038 2803 5093 dies
2827 5036 3024 5109 quibus
3056 5035 3197 5091 Deus
3221 5050 3314 5090 cu-

2272 5111 2544 5165 stodiebat
2576 5125 2682 5164 me.

121 5206 179 5256 δ’
1227 5196 1281 5249 3.
1318 5193 1580 5249 Lucebat.
1609 5195 1784 5260 Alius,
1816 5193 2154 5263 Splendebat.
2339 5201 2389 5259 5.

116 5293 170 5373 ξ.
211 5289 363 5344 Sicut
388 5305 536 5345 eram
567 5290 622 5343 in
673 5289 863 5345 diebus
891 5288 1086 5360 juven-

46 5373 181 5419 ιυιιε
215 5376 362 5414 meae.

120 5453 345 5520 Quando
423 5451 867 5508 circumvallabat
941 5448 1086 5507 Deus

52 5522 453 5581 tabernaculum
484 5538 685 5578 meum.
1154 5522 1349 5578 domus
1382 5538 1533 5577 meae.

1229 5286 1284 5341 4.
1316 5274 1453 5341 Cum
1489 5301 1639 5341 eram
1666 5302 1989 5357 gravescens
2028 5288 2144 5343 viis.
2328 5288 2389 5349 Α.

1227 5451 1365 5507 Cum
1398 5451 1544 5507 Deus
1569 5453 1936 5509 visitationem
1964 5453 2198 5509 faciebat

120 5617 173 5672 5.
1182 5686 1187 5687 ί
1214 5616 1281 5687 A5.
1306 5614 1623 5687 ltrcircuitu
1648 5625 1829 5672 autem
1854 5631 1974 5673 meo
1999 5615 2168 5687 pueri.
2340 5612 2393 5667 ὅ.

1156 5685 1329 5743 Alius.
1356 5685 1503 5739 ducti
1533 5701 1563 5739 a
1595 5701 1701 5740 me.

1227 5775 1277 5829 8.
1312 5775 1713 5831 Adolescentcs.

119 5777 171 5833 8.
209 5770 453 5829 Iuvenes.

2347 5776 2399 5831 8.
2430 5774 2684 5832 Iuvenes.
