3888 6214
545 441 633 495 ΤΟ
670 436 1037 495 ΕΒΡΑΙΚΟΝ.
1073 443 1081 451 ’
1158 424 1164 431 ’

761 608 913 660 nam
952 579 1096 659 λι)ωὸ
1133 604 1189 653 τ)
1228 593 1260 647 6

387 772 475 829 ’ΠΥ
510 773 718 824 ΠἸἾὩἹΞ
753 771 902 823 cum
934 770 1077 818 “119D
1115 767 1262 816 ωωλπ

793 902 1196 980 ειπκ-θῑι-Ἶνι
1231 916 1260 968 7

1059 1088 1195 1138 ΠΞἾΟ
1233 1078 1266 1130 9

852 1184 969 1258 ΠἾΡ
1007 1180 1268 1229 ΒἽἫὩΤΞἹ

494 1278 764 1359 imp-1m
802 1251 1162 1327 Bst-hmini:
1200 1264 1268 1316 to

587 1440 664 1494 ’.ἓν
699 1436 875 1490 ΠἺἽῚΩἸ
917 1434 1162 1510 inn-qs:
1206 1421 1262 1473 Η

509 1670 723 1745 13m:
761 1670 775 1710 I
814 1665 1005 1717 nunc
1044 1660 1168 1711 mm
1209 1650 1275 1704 12

785 1808 973 1890 ὡπθὸ
1003 1808 1281 1885 1115131113

1003 1966 1175 2044 τίετ’.ωὸ
1218 1984 1284 2036 15

963 2091 1177 2169 πεπτω-ιη
1218 2080 1283 2131 M

422 2163 600 2246 Dm'vy
636 2160 990 2238 nim-Dm
1025 2182 1177 2237 arma
1219 2169 1285 2224 15

658 2350 816 2402 tum
851 2348 1016 2420 Tn:
1049 2346 1183 2396 num
1222 2333 1289 2387 17

674 2443 867 2493 arma
901 2438 1029 2499 νῆις
1064 2436 1285 2513 rapum:

585 2648 817 2753 βψς-πιτὸ
851 2674 963 2727 mar
999 2668 1182 2738 ιτφηη
1223 2657 1291 2712 18

755 2834 908 2915 pm
946 2830 1079 2883 ’N'D
1117 2826 1292 2908 D’PTT'I

426 3125 679 3188 VERSIO
704 3118 1026 3179 IIEBRAICI
1053 3114 1263 3172 TEXT.

390 3333 447 3391 6.
478 3332 616 3400 Quia
647 3328 757 3383 nivi
791 3325 955 3379 dicet.

399 3495 466 3549 Et
488 3490 652 3547 imbri
684 3487 899 3557 pluviae,
941 3489 997 3536 et
1043 3475 1205 3532 imbri
1246 3473 1371 3545 plu-

322 3566 535 3622 viarum
572 3556 908 3615 fortitudinis
932 3565 1067 3607 suae.

398 3728 454 3783 7.
490 3727 551 3779 In
580 3736 747 3777 manu
779 3729 970 3774 omnes
1010 3709 1287 3767 homines.

398 3888 452 3943 9.
485 3883 691 3939 Turbo.

401 3976 469 4031 Et
495 3991 525 4030 a
565 3966 1000 4041 dispergentibus
1033 3962 1230 4034 frigus.

402 4066 491 4121 10.
532 4066 579 4117 A
625 4060 765 4116 flatu
808 4058 899 4113 Dei
937 4056 1089 4111 dabit
1117 4052 1259 4124 gelu.

408 4228 498 4282 11.
540 4224 716 4279 Etiam
751 4218 1017 4277 serenitas
1067 4208 1385 4282 defatigabit

333 4299 559 4354 nubem.

410 4389 497 4442 1:2.
522 4386 583 4439 Et
601 4386 715 4455 ipsa
732 4379 1049 4437 circuitibus
1067 4376 1288 4430 volvens
1302 4387 1379 4427 se.

411 4551 470 4606 1n
512 4547 758 4604 consiliis
796 4545 915 4617 ejus
951 4541 1019 4596 ad
1048 4534 1385 4609 operandum

338 4637 456 4679 COS.

419 4712 507 4768 15.
547 4710 625 4764 Ad
663 4709 895 4777 virgam.

421 4804 506 4858 11.
541 4802 606 4856 Et
628 4798 881 4866 intellige.

421 4963 508 5019 15.
538 4961 680 5016 Num
710 4956 856 5013 nosti
896 4968 1021 5007 cum
1059 4949 1213 5021 ponit
1248 4945 1393 5001 Deus

348 5034 639 5110 (animum)
659 5043 823 5098 super
850 5023 972 5080 eis?

424 5127 508 5181 17.
541 5122 699 5190 Quod
724 5119 1051 5175 vestimenta
1081 5121 1175 5167 tua
1198 5108 1394 5165 calida.

424 5288 485 5346 In
518 5283 814 5359 quietando
843 5288 1046 5336 terram
1079 5289 1109 5330 a
1145 5269 1373 5329 meridie

432 5518 522 5575 18.
550 5514 834 5586 Expandes
856 5525 982 5567 cum
1007 5522 1073 5565 eo
1084 5502 1330 5561 aethera?

432 5678 616 5736 Fortia
645 5676 786 5735 sicut
813 5670 1093 5732 speculum
1127 5666 1332 5725 fusum.

1320 310 1795 368 IIEXAPLORUM
1835 309 2002 378 QUAS
2046 305 2477 364 SUPERSUNT.

1689 431 1777 482 ΤΟ
1819 427 2171 482 ΕΒΡΑῙΚΟΝ

1585 500 1916 571 Ἑλληνικοῖς
1954 498 2267 569 γράμμασι.

1474 594 1528 647 6.

1485 1263 1569 1315 10.

1488 1421 1575 1473 11.

1500 1971 1590 2023 15.

1502 2059 1595 2116 14.

1502 2155 1589 2207 15.

1502 2316 1591 2372 17.

1513 2647 1596 2702 18.

1645 3096 1977 3160 VULGATA
2013 3091 2291 3149 LATINA.

1513 3307 1566 3363 6.
1607 3306 1711 3373 Qui
1750 3302 1997 3375 praecipit
2020 3299 2157 3355 nivi.

1515 3467 1581 3522 Et
1601 3464 1811 3536 hyemis
1838 3460 2061 3533 pluviis,
2092 3465 2148 3514 et
2179 3453 2343 3511 imbri
2379 3451 2489 3507 for-

1445 3538 1695 3595 titudinis
1733 3549 1867 3591 sua}.

1517 3700 1569 3754 7.
1602 3698 1708 3765 Qui
1739 3697 1795 3751 in
1834 3707 1999 3748 manu
2034 3688 2282 3746 omnium
2311 3682 2493 3739 homi-

1447 3786 1599 3827 num.

1517 3860 1571 3915 9.
1604 3857 1941 3925 Tempestas.

1517 3952 1601 4006 Ab
1628 3949 1861 4003 Arcturo
1899 3944 2093 4014 frigus.

1523 4045 1611 4097 10.
1647 4040 1837 4095 Flante
1870 4036 1981 4092 Deo
2015 4028 2323 4088 concrescit
2350 4025 2492 4097 gelu.

1527 4205 1613 4259 11.
1636 4201 1988 4257 Frumentum
2010 4192 2280 4250 desiderat
2303 4188 2498 4244 nubes.

1532 4364 1619 4418 12.
1644 4361 1775 4428 Qua:
1798 4360 2035 4413 lustrant
2063 4369 2157 4425 per
2190 4348 2500 4407 circuitum.

1528 4524 1888 4591 Quocumque
1947 4531 2043 4591 eas
2095 4512 2350 4568 voluntas
2404 4523 2504 4577 gu-

1458 4588 1741 4653 bernantis
1779 4588 2017 4645 duxerit.

1536 4689 1618 4741 15.
1644 4687 1702 4737 In
1739 4698 1847 4737 una
1884 4680 2047 4734 tribu.

1534 4778 1619 4832 14.
1651 4774 1715 4830 Et
1741 4771 2044 4829 considera.

1537 4938 1623 4994 15.
1657 4932 1930 5002 Numquid
1954 4930 2063 5002 scis
2093 4922 2311 5002 quando
2364 4933 2505 4991 prae-

1464 5009 1666 5082 ceperit
1704 4998 1847 5060 Deus
1885 4998 2117 5072 pluviis?

1540 5103 1627 5159 17.
1662 5099 1856 5153 Nonne
1904 5092 2226 5148 vestimenta
2268 5095 2362 5141 tua
2414 5096 2510 5138 ca-

1466 5173 1577 5229 lida
1615 5169 1789 5226 sunt?

1542 5264 1679 5320 Cum
1725 5256 1951 5332 perflata
1997 5252 2161 5308 fuerit
2215 5258 2357 5304 terra
2413 5259 2512 5300 au-

1470 5343 1605 5393 81.1‘0.

1544 5494 1633 5549 18.
1669 5490 1749 5545 Tu
1780 5487 2009 5543 forsitan
2039 5497 2167 5539 cum
2195 5480 2307 5535 Deo
2346 5475 2517 5533 fabri-

1474 5578 1631 5622 catus
1664 5578 1723 5617 es
1749 5559 1955 5626 cmlosl?

1548 5655 1653 5721 Qui
1685 5648 2005 5711 solidissimi
2054 5642 2211 5717 quasi
2264 5655 2371 5699 tere
2411 5636 2521 5696 fusi

1482 5733 1629 5786 sunt.

3430 298 3536 356 5‘20

2907 414 3204 470 ΑΚΥΛΔΣ.

2594 582 2647 639 6.
2680 579 3003 635 Συντάσσων
3037 578 3195 650 χιόνι.

2602 910 2632 929 Η

2612 931 2653 965 Ῑο

2599 1072 2652 1125 9.
2686 1067 3030 1138 Συσσεισμοξ.

2603 1162 2715 1214 Καὶ
2744 1160 2850 1212 ἀπὸ
2876 1156 3123 1228 Μαζούρ.

2608 1254 2696 1308 10.

2608 1416 2695 1471 11.

2621 1646 2710 1703 12.

2629 1806 2716 1858 Ἐν
2744 1802 3021 1858 οἱακώσει.

2620 1967 2709 2021 15.

2618 2057 2706 2111 14.
2739 2056 2850 2109 Καὶ
2879 2050 3233 2122 κατανόησον.

2621 2149 2708 2203 15.

2621 2308 2710 2362 17.
2741 2307 2853 2378 Οὐχ
2880 2304 3072 2377 ἱμάτιά
3099 2320 3192 2356 σου
3224 2302 3404 2373 θερμα
3428 2317 3446 2368 ;

2626 2630 2711 2683 18.
2739 2627 2904 2690 Αὐτὸς
2931 2622 3228 2695 ὲστερέωσε
3248 2620 3337 2675 τὸν
3367 2615 3597 2691 οὐρανὸν

2553 2704 2632 2764 εἰς
2666 2698 2890 2768 τροπάς.

2635 2788 3007 2859 Ἐνισχύουσαι
3061 2784 3139 2847 ὡς
3207 2783 3397 2853 ὅρασις
3465 2792 3600 2846 συγ-

2552 2877 2778 2934 χυσεως.

2948 3074 3231 3146 AQUILA.

2633 3288 2687 3344 6.
2730 3284 2834 3353 Qui
2873 3279 3122 3356 praecipit
3141 3277 3275 3334 nivi.

2636 3677 2690 3732 7.

2637 3839 2690 3893 9.
2721 3834 3008 3891 Turbines.

2640 3928 2706 3981 Et
2736 3944 2775 3982 θ
2803 3926 2987 3981 Mazur

2642 4019 2728 4073 10.

2652 4179 2737 4233 11.

2644 4336 2734 4392 12.

2645 4497 2701 4551 1n
2726 4494 3135 4567 gubernatione.

2650 4658 2740 4712 15.

2649 4750 2736 4804 14.
2762 4748 2830 4802 Ει
2857 4745 3158 4803 considera.

2651 4908 2739 4963 15.

2599 5072 2738 5198 “:71.
2768 5069 2961 5126 Nonne
3009 5069 3332 5125 vestimenta
3392 5073 3486 5122 tua
3527 5077 3621 5119 ca-

2576 5163 2594 5199 ι

2660 5468 2746 5550 10.
2780 5467 2899 5537 Ipse
2922 5462 3158 5520 ﬁrmavit
3184 5460 3382 5517 cmlum
3418 5458 3471 5512 in
3495 5472 3630 5513 con-

2588 5553 2885 5596 VBI'SIODCS.

2664 5630 2795 5696 Quae
2823 5628 3013 5684 validae
3042 5632 3169 5684 sunt
3199 5633 3259 5680 ut
3310 5620 3447 5678 visio
3498 5633 3632 5675 con-

2600 5702 2850 5759 (usionis.
