3866 6216
413 280 517 337 651

688 394 777 448 ΤΘ
809 392 1179 447 EBPAIKDN.

1100 562 1288 616 ninam
1324 554 1392 608 12

706 724 941 779 ’ΠΨἾΞΠ
973 724 1089 777 1’35
1123 724 1288 782 o'ID'ID
1322 716 1390 769 15

1232 886 1390 956 13m

418 950 602 1055 DpSrt
668 948 825 1030 15m
881 975 1120 1029 arma
1167 948 1392 1055 mni}:

1293 1044 1463 1097 nun:

420 1210 551 1262 nu:
586 1210 756 1268 mm
793 1211 953 1281 me;
1001 1186 1165 1281 niam
1201 1210 1391 1281 1mm

802 1275 1067 1355 nm‘a‘m‘o
1102 1275 1250 1350 mni
1288 1300 1462 1351 Tum

841 1578 1069 1654 Tum
1101 1578 1287 1657 vvpn:
1323 1569 1391 1623 is

525 1755 663 1811 VER
672 1754 780 1812 SIO
815 1755 1141 1812 IIEBIIAICI
1169 1755 1378 1812 TEXT.

492 1873 581 1928 12.
636 1871 705 1927 Et
779 1873 923 1927 sicut
990 1872 1204 1927 catulus
1266 1872 1463 1929 leonis.

424 1942 672 2011 "ieram,
709 1943 877 1998 catuli
910 1943 1108 1998 leonis.

496 2034 582 2088 15.
609 2034 853 2103 Ρτξενθηί
876 2033 1045 2090 facies
1074 2034 1216 2103 ejus,
1242 2034 1466 2089 incurva

424 2120 609 2186 eum.“
645 2098 894 2170 "ieram,
967 2098 1199 2174 praeveni
1268 2104 1465 2159 faciem

423 2190 563 2245 eius,
596 2190 818 2229 Incurva
849 2190 997 2230 eum.

496 2262 691 2318 Gladio
747 2271 864 2317 tuo.
922 2262 1171 2318 Hieron..
1232 2262 1324 2333 qui
1383 2272 1469 2319 est

426 2334 639 2404 gladius
676 2342 823 2388 tuus.

502 2426 589 2479 M.
620 2425 867 2487 Domine,
900 2439 929 2477 a
948 2424 1103 2490 viris,
1130 2424 1196 2479 de
1225 2434 1468 2494 tempore

427 2512 551 2566 pars
587 2510 775 2549 eorum
841 2497 895 2548 in
930 2496 1089 2566 vita._
1124 2494 1371 2559 Hierom,
1434 2511 1465 2566 ξ

426 2562 561 2620 viris
618 2580 818 2619 manus
874 2574 1000 2627 tuae,
1061 2562 1322 2628 Domine,
1370 2565 1465 2633 qui

426 2636 629 2689 mortui
661 2644 790 2688 sunt
821 2635 876 2689 in
906 2633 1197 2704 profundo,
1229 2639 1462 2704 quorum

426 2721 554 2775 pars
585 2706 640 2759 in
677 2704 809 2759 vita.

499 2795 567 2851 Et
600 2795 918 2852 abscondito
939 2802 1035 2849 tuo
1065 2794 1317 2864 implebis
1335 2810 1466 2849 ven-

428 2875 563 2921 trem
618 2882 829 2920 eorum.
885 2864 1288 2919 Saturabuntur
1344 2865 1461 2929 filii,

427 2944 479 2990 et
506 2944 764 3005 reponent
794 2935 1083 3005 residuum
1125 2950 1287 2990 suum
1339 2950 1465 3004 par-

427 3006 574 3059 vulis
608 3006 745 3060 suis.
779 3004 1025 3067 Ηίενοη..
1058 3014 1112 3058 et
1136 3019 1371 3074 quorum
1397 3005 1466 3059 de

428 3075 763 3130 absconditis
800 3077 907 3129 tuis
943 3074 1161 3143 replesti
1199 3085 1459 3128 ventrem.

428 3146 532 3212 Qui
565 3146 962 3199 saturabuntur
1008 3144 1157 3208 ﬁliis,
1194 3155 1248 3198 et
1285 3143 1470 3197 dimit-

429 3223 546 3270 tent
592 3216 855 3286 reliquias
906 3227 1036 3269 suas
1087 3214 1330 3283 parvulis
1374 3228 1473 3268 eo-

430 3300 572 3340 rum.

499 3376 587 3429 15.
661 3376 720 3445 In
798 3373 1106 3445 evigilando
1178 3374 1470 3444 imaginem

430 3454 602 3500 tuam.
659 3444 910 3508 Hierom,
961 3459 1087 3499 cum
1146 3445 1473 3515 evigilavero

430 3515 788 3570 similitudine
827 3524 946 3570 tua.

1433 280 1921 338 IIEXAPLORUM-
1958 279 2125 346 QUAE
2167 279 2602 339 SUPERSUNT.

1820 396 1909 447 ΤΟ
1942 393 2287 446 ΕΒΡΔΙΚΟΝ

1714 464 2042 535 Ἑλληνικοῖς
2079 461 2391 534 γράμμασι.

1610 556 1700 612 12.

1609 714 1695 770 15.

1605 966 1693 1022 14.

1606 1570 1695 1624 15.

1739 1756 2071 1814 VULGATA
2109 1756 2385 1813 LATINA.

1614 1872 1701 1927 l2.
1734 1871 1799 1927 Et
1825 1872 1967 1929 sicut
1988 1874 2204 1930 catulus
2232 1874 2425 1930 leonis.

1610 2035 1698 2089 15.
1729 2035 1970 2092 Ρηηνθηί
2002 2050 2149 2102 eum,
2184 2044 2241 2091 ct
2292 2034 2580 2106 supplanta

1538 2120 1684 2160 eum.

1608 2264 1896 2321 Frameam
1932 2274 2104 2320 tuam.

1612 2428 1699 2481 l4.
1740 2426 1989 2488 Domine,
2040 2426 2288 2495 apaucis
2330 2423 2397 2480 de
2434 2432 2579 2481 terra

1537 2498 1717 2553 divide
1738 2513 1833 2553 eos
1862 2497 1917 2550 in
1955 2497 2064 2551 vita
2093 2512 2306 2551 eorum.

1605 2798 1684 2851 De
1718 2795 2052 2851 absconditis
2091 2795 2201 2850 tuis
2248 2794 2577 2865 adimpletus

1537 2875 1621 2921 est
1657 2878 1848 2921 venter
1896 2881 2108 2921 eorum.
2157 2866 2397 2919 Saturati
2450 2877 2579 2921 sunt

1538 2936 1687 2997 ﬁliis,
1719 2945 1774 2989 et
1807 2936 2133 2992 dimiserunt
2160 2935 2421 3005 reliquias
2448 2953 2577 2993 suas

1537 3004 1776 3078 parvulis
1806 3007 1943 3061 suis.

1617 3375 1705 3431 15.
1734 3374 1872 3431 Cum
1899 3375 2212 3447 apparuerit
2237 3375 2409 3448 gloria
2437 3387 2546 3435 tua.

3010 390 3310 448 ΔΚΥΛΑΣ.

2718 556 2808 611 12.

2717 716 2805 771 15.
2828 713 3148 783 Πρόφθασον
3174 712 3234 766 τὸ
3260 710 3555 783 πρόσωπον
3587 709 3696 763 αὒ-

2645 786 2763 849 τοῦ,
2795 785 3012 856 κάμψον
3045 783 3227 837 αὐτόν.

2726 876 3026 947 Ῥομφαίαν
3055 891 3170 927 σου.

2715 967 2804 1020 14.
2842 965 3035 1036 Κύριε,
3074 962 3195 1036 Δἀπὸ
3244 959 3611 1036 saltv-natoque
3628 960 3701 1011 ὲκ

2646 1030 2988 1097 καταδύσεώς
3020 1033 3185 1104 μέρος
3211 1031 3387 1084 αὐτῶν
3415 1033 3472 1082 ὲν
3497 1030 3638 1098 ζωῇ.

2714 1196 2826 1249 Καὶ
2855 1194 2964 1247 τῶν
2999 1191 3397 1264 κεκρυμμένευν
3430 1206 3525 1264 σου
3556 1189 3702 1264 πλη-

2649 1266 2842 1338 ρώσεις
2902 1259 3407 1338 γαστέραςάὑτῷν.
3450 1259 3693 1338 ᾚμπλη-

2646 1331 2934 1407 σθήσονται
2969 1334 3025 1385 δὲ
3049 1331 3189 1407 ὀἰῶν
3212 1348 3248 1407 °_
3267 1331 3360 1407 καὶ
3385 1332 3703 1407 ᾴφήσουσιν

2643 1398 2781 1461 αὐτὰ
2813 1403 3127 1476 περιουσίαν
3163 1403 3276 1464 τοῖς
3310 1398 3566 1471 βρέφεσιν
3595 1400 3702 1451 αὐ-

2642 1492 2773 1530 τονν.

2714 1565 2801 1619 15.
2855 1564 2946 1617 Ἐν
2969 1561 3045 1631 τῶ
3071 1559 3459 1631 ὲξυπνισθῆναι
3486 1556 3700 1627 ὁμοιώ-

2646 1635 2784 1698 σεώς
2805 1651 2920 1687 σου.

3030 1750 3315 1818 AQUILA.

2734 1871 2820 1927 12.

2724 2032 2811 2085 15.
2843 2028 3081 2085 Pracveni
3113 2026 3307 2083 faciem
3341 2026 3481 2098 ejus,
3511 2025 3702 2080 incur-

2651 2118 2717 2157 va
2752 2117 2897 2156 eum.
3700 2140 3705 2143 λ

2722 2262 3005 2317 Frameam
3040 2269 3213 2315 tuam.

2730 2421 2817 2499 11.
2858 2418 3083 2475 Domine
3108 2458 3123 2481 ,
3160 2433 3191 2471 a
3230 2415 3552 2499 mortuisex
3592 2413 3709 2470 im-

2652 2494 2925 2549 mersione
2953 2504 3080 2562 pars
3111 2503 3301 2544 eorum
3331 2494 3385 2542 in
3417 2494 3551 2541 vita.

2722 2795 2791 2849 Et
2874 2792 3208 2849 absconditis
3277 2791 3387 2847 tuis
3464 2788 3703 2861 replebis

2650 2877 2866 2920 ventres
2886 2880 3099 2919 eorum.
3120 2862 3495 2932 lmplebuntur
3515 2871 3704 2932 autem

2656 2936 2816 2990 filiis:
2849 2943 2904 2989 et
2926 2930 3233 3004 relinquent
3259 2934 3375 3003 ipsa
3404 2930 3701 2985 facultates

2654 3005 2897 3077 puerulis
2934 3006 3073 3060 suis.

2729 3377 2816 3431 15.
2871 3374 3008 3430 Cum
3059 3373 3465 3447 expergiscetur
3504 3369 3704 3429 simili-

2656 3447 2789 3502 tudo
2817 3457 2935 3501 tua.

1290 3630 1468 3691 Notas
1503 3634 1564 3690 et
1600 3628 1790 3692 variat
1819 3631 2128 3693 lectiones
2168 3630 2245 3692 ad
2284 3629 2605 3692 Psalmum
2639 3632 2814 3692 XVI.

496 3756 565 3811 V.
598 3756 649 3809 I.
698 3753 987 3809 Vaticanus
1037 3754 1116 3809 sic
1166 3753 1346 3819 habet,
1391 3755 1495 3815 Ἀ..

426 3828 505 3890 E',
548 3828 615 3892 ς’
656 3826 854 3894 ὁμοίως
882 3828 995 3886 τοῖς
1023 3826 1099 3887 0’,
1137 3824 1173 3878 i.
1210 3840 1281 3887 e.,
1325 3825 1518 3893 Aquila
1547 3834 1595 3877 et
1634 3822 2005 3893 Symmachus,

424 3897 519 3949 τοῦ
540 3894 720 3949 Δαυίδ.
750 3894 949 3958 Quinta
973 3910 1089 3946 vero
1108 3904 1157 3947 et
1180 3904 1326 3947 sexta
1356 3894 1515 3946 editio
1538 3894 1727 3947 habent
1748 3904 1805 3947 ut
1830 3894 2005 3949 LXX.

424 3966 629 4020 Verum
670 3962 809 4016 LXX
845 3966 1006 4018 etiam
1063 3964 1221 4017 hodie
1268 3962 1363 4015 τοῦ
1414 3964 1577 4015 Δαυίδ
1627 3965 1830 4017 habent
1865 3982 1877 4016 :
1914 3966 2009 4019 sed
2113 3965 2354 4020 Colbert.
2395 3978 2449 4020 et
2477 3962 2869 4022 Drusius_.l)un

1540 3755 1623 3817 2.,
1671 3755 1766 3808 τοῦ
1815 3756 1999 3810 Δαυίδ.

2114 3828 2479 3883 liminaribus.
2544 3872 2563 3892 ,

2128 3759 2231 3821 Ἀ.,
2268 3759 2347 3819 Σ.,
2381 3758 2443 3811 Θ.
2471 3758 2670 3828 ὁμοίως
2694 3759 2743 3809 ot
2777 3764 2826 3825 γ’
2856 3765 2960 3811 etc.
3022 3754 3095 3809 De
3134 3763 3259 3809 nota
3292 3755 3341 3806 ot
3379 3753 3433 3805 I"
3464 3753 3519 3808 in
3550 3751 3705 3807 Pra-

2190 3895 2249 3949 V.
2287 3898 2341 3949 4.
2383 3898 2466 3961 Σ.,
2517 3896 2627 3965 ἐγὼ
2658 3896 2899 3965 ὲφυλαξά
2944 3916 3010 3969 ην
3042 3896 3193 3957 ὁδοὺς
3227 3892 3564 3964 παραϐἁτου.
3610 3892 3709 3947 Sic

2190 3966 2354 4019 lbert.
2395 3978 2449 4020 et
2477 3967 2727 4022 Drusius.
2751 3966 2869 4021 Duo
2899 3916 3052 4031 Regii
3080 3975 3284 4030 autem,
3315 3964 3467 4027 ὁδοὺς
3500 3963 3709 4031 ἐφυλα-

3018 3970 3052 4019 ii
3080 3975 3284 4030 autem,
3315 3964 3467 4027 ὁδοὺς
3500 3963 3709 4032 ἐφυλα-

428 4045 561 4089 tunc
594 4035 801 4089 scilicet
847 4032 923 4102 τῷ
967 4032 1130 4085 Δαυίδ
1162 4034 1457 4101 legebatur,
1499 4041 1559 4087 ut
1603 4035 1767 4087 etiam
1810 4035 2006 4104 legitur
2116 4036 2141 4102 ξ

428 4120 589 4159 sunra
622 4106 816 4159 psalm.
856 4119 929 4156 ix.

2162 4039 2294 4153 ὶιῢην
2316 4036 2653 4126 παραϐἀτου.
3167 4107 3177 4118 _
3416 4104 3428 4116 _

2240 4144 2252 4156 .
2286 4107 2337 4158 5.
2397 4109 2488 4159 A..
2540 4106 2920 4159 ἀντιλαϐέσθαι
2949 4118 3055 4159 etc.
3087 4105 3279 4159 Trium
3308 4104 3428 4159 lecti

2240 4144 2252 4156 .
2286 4118 2337 4158 5.
2388 4118 2488 4167 Ἀ..
2540 4118 2920 4161 αντιλαδέσυαι
2949 4118 3055 4161 CIC.
3087 4118 3279 4161 'l'l‘lum
3309 4118 3570 4161 ICCIIODCS
3601 4120 3709 4160 CX-

424 4120 589 4171 supra
622 4106 816 4172 psalm.
856 4119 929 4156 Ix.

498 4171 638 4227 Ibid.
676 4175 753 4226 Ἀ.
778 4214 793 4236 ,
841 4175 1103 4243 ἄκουσον,
1147 4171 1363 4243 Kiipu-z1
1400 4171 1625 4243 δίκαιον.
1675 4171 1766 4227 Sic
1806 4172 2008 4243 Regius
2116 4173 2141 4227 il

2162 4175 2265 4228 ibet
2296 4174 2611 4230 Vaticanus.

424 4257 589 4307 unus,
614 4243 885 4311 quietiam
911 4242 1222 4312 Symmachi
1241 4241 1303 4295 et
1324 4241 1713 4296 Theodotionis
1738 4241 2006 4298 lectiones

422 4313 600 4372 effert.

492 4382 631 4437 Ibid.
675 4383 776 4446 ’A.,
810 4382 983 4451 πρόσχ

426 4521 802 4576 Theodoretus
834 4530 887 4574 et
919 4520 1167 4573 Drusius.

497 4587 560 4644 V.
586 4591 640 4646 2.
664 4592 746 4653 Σ.,
779 4591 886 4643 ἀπὸ
917 4589 1010 4642 τοῦ
1040 4606 1207 4658 προσ-
1233 4598 1337 4643 etc.
1355 4587 1686 4658 Vaticanus.

494 4659 632 4716 Ibid.
661 4663 723 4713 Οἱ
753 4660 1020 4729 ὀφθαλμοί
1076 4657 1179 4729 μου
1209 4667 1313 4715 etc.
1354 4657 1649 4715 Vaticanus
1680 4663 1795 4717 haec
1828 4668 2007 4724 notat,

987 4397 1042 4443 ες
1072 4383 1136 4451 τῇ
1166 4381 1368 4433 αἰνέσει
1398 4397 1520 4448 μου.
1556 4380 1862 4436 Vaticanus.

496 4452 630 4507 Ibid.
660 4454 742 4514 2.,
775 4454 836 4505 οὐ
858 4450 959 4503 ίδιὰ
988 4450 1155 4520 χειλ-.
1191 4453 1281 4505 Sic
1323 4452 1479 4505 codd.
1530 4452 1660 4515 duo,
1690 4452 2009 4516 Corderius,

2289 4245 2339 4296 7.
2373 4246 2454 4309 2.,
2486 4244 2879 4314 παραδόξασον.
2914 4243 3005 4301 Sic
3036 4261 3171 4301 mss.

2186 4312 2248 4385 _V_.
2370 4316 2473 4380 ’A.,
2502 4312 2584 4385 Σ..
2610 4317 2686 4375 0',
2720 4316 2794 4377 ὡς
2823 4316 3011 4385 κόρην.
3048 4315 3362 4369 Vaticanus.

2193 4452 2250 4506 V.
2284 4454 2369 4506 11.
2414 4455 2515 4517 Ἀ.,

2187 4381 2251 4454 V.
2286 4384 2368 4436 l0.
2398 4386 2479 4446 Σ.,
2508 4384 2583 4454 τῷ
2614 4386 2795 4437 στέατι
2823 4381 2925 4439 ctc.
2949 4381 3040 4439 Sic
3066 4397 3178 4440 tres
3204 4401 3335 4439 mss.
3359 4392 3413 4437 et
3436 4382 3704 4439 Drusius.

2555 4454 2649 4506 τοῦ
2678 4455 2920 4507 ἐκκλῖναι
2972 4458 3029 4507 ἐν
3070 4458 3135 4524 τῇ
3187 4459 3278 4525 γῇ.
3315 4454 3618 4508 Vaticanus
3653 4464 3711 4509 et

2116 4521 2364 4577 Drusius.
2414 4522 2724 4578 Lectionem
2767 4540 2895 4595 vero
2943 4521 3256 4595 Symmachi
3302 4525 3541 4595 plenam,
3569 4526 3715 4579 επε-

2116 4601 2244 4663 runt
2285 4600 2518 4660 quatuor
2569 4610 2735 4659 mss.,
2784 4594 2879 4648 sed
2925 4594 3024 4663 pro
3076 4594 3292 4661 ἔταξαν,
3340 4610 3481 4649 unus
3533 4594 3708 4649 habet

2116 4660 2318 4727 ἔθεντο,
2350 4663 2486 4716 alter
2518 4664 2805 4733 ἐτάραξαν,
2841 4660 2982 4718 male
3011 4665 3102 4735 (‘).

497 4773 561 4844 (‘)
594 4774 780 4847 Longe
809 4774 967 4829 aliter
1002 4772 1313 4842 Symmachi
1346 4772 1526 4829 versio
1568 4774 1842 4842 profertur
1867 4780 1936 4832 ab
1969 4776 2205 4832 Eusebio
2252 4778 2306 4831 in
2335 4777 2647 4834 Comment.
2707 4780 2775 4834 ad
2815 4780 2871 4835 h.
2904 4780 2982 4850 ,1η
3013 4781 3159 4851 quod
3197 4780 3339 4835 vide.
3379 4779 3592 4836 DRACH.

715 5014 805 5067 ΤΟ
834 5015 1202 5071 ΕΒΡΑΙΚΟΝ.

651 5160 774 5239 'm'a
807 5187 925 5239 mm
962 5163 1105 5243 τινί)
1137 5163 1329 5239 nn:an
1366 5181 1387 5232 t

509 5426 760 5485 VERSIO
795 5430 1116 5487 HEBRAICI
1154 5341 1395 5490 TE)???

497 5518 547 5593 1.
578 5518 783 5593 Victori
813 5538 971 5579 servo
995 5523 1232 5593 Domini,
1264 5524 1457 5581 David.

428 5583 670 5657 Hierom,
700 5592 777 5645 id.

494 5677 553 5733 3.
581 5677 864 5741 Fortitudo
894 5700 1033 5743 mea.
1067 5686 1311 5756 Πίθωνι,
1344 5688 1421 5743 id.

1734 4893 1875 4953 PSA
1888 4892 2099 4952 LMUS
2182 4892 2387 4954 XVII.

1822 5020 1909 5071 ΤΟ
1942 5020 2289 5073 ΕΒΡΑΙΚΟΝ

1726 5087 2055 5160 Ἑλληνικοῖς
2091 5090 2403 5161 γράμμασι.

1614 5182 1667 5237 1.

1611 5342 1667 5395 5.

1728 5435 2059 5492 VULGATA
2099 5436 2377 5495 LATINA.

1606 5525 1658 5580 1.
1688 5526 1744 5580 In
1790 5526 1978 5591 finem,
2018 5542 2191 5597 puero
2219 5528 2436 5585 Domini
2470 5531 2575 5587 Da-

1532 5597 1643 5651 vid.

1607 5690 1659 5744 5.
1692 5688 1975 5746 Fortitudo
2010 5704 2151 5746 mea.

3037 5021 3335 5076 ΔΚΥΛΑΣ.

2653 5183 3082 5306 Δα1.ίδΝικοποιῷ
3110 5185 3188 5256 τῷ
3202 5187 3373 5259 δούλῳ
3397 5188 3608 5260 Κυρίου
3626 5187 3711 5259 τῷ

2736 5273 2764 5305 υ
2827 5296 2840 5306 .

2736 5273 2840 5308 υιο.

2722 5352 2775 5405 5.
2807 5352 2988 5423 Πέτρα
3015 5369 3138 5423 μου.

3027 5443 3308 5511 AQUILA.

2726 5534 2778 5587 1.
2806 5532 3013 5589 Victori
3044 5549 3204 5590 servo
3236 5535 3480 5603 Domini,
3502 5534 3700 5593 David.

2721 5694 2776 5748 5.
2802 5694 2961 5751 Petra
2993 5712 3135 5753 mea.
