3866 6216
747 375 836 428 ΤΟ
873 374 1241 428 EBPAIKON.

751 546 1149 626 iraan
1183 550 1368 605 manu
1404 540 1437 594 8

659 684 717 762 ὑ
747 712 995 764 τιτι-η)
1030 710 1259 768 manu
1293 708 1434 764 πω

1053 848 1199 925 Sam
1236 870 1367 924 una
1403 863 1437 916 9

526 1015 823 1093 IUN'VLMJ'I
855 1044 965 1091 1'12
1001 1031 1067 1084 15
1138 1031 1191 1083 '0
1219 1027 1503 1097 Ἐϐραῖος,

457 1103 665 1173 χάλαζα
698 1103 792 1156 καὶ
824 1101 1095 1172 ἄνθρακες
1130 1100 1326 1173 πυρός.

454 1172 728 1254 ξύμ-’ππ
764 1203 876 1253 1-1:
905 1175 999 1278 15p
1032 1198 1117 1279 3m
1155 1172 1315 1277 pv‘m
1366 1187 1433 1240 u

750 1435 899 1509 uan
934 1437 1141 1487 car-1:22:
1176 1410 1322 1488 n‘wv
1363 1426 1429 1479 17

1010 1599 1129 1650 ’Ὃκ
1143 1602 1179 1616 "
1194 1598 1323 1648 ενι
1362 1587 1429 1642 19

1116 1669 1321 1746 nrt-17:5
1357 1684 1428 1738 20

1116 1784 1175 1832 τι
1214 1782 1337 1858 ven
1375 1780 1429 1831 ν)

1022 1874 1156 1929 rm:
1190 1848 1315 1926 τὲιὸ
1356 1864 1428 1917 25

447 2038 700 2094 -ωἰπν
769 2038 964 2090 ἾΌΠΠΠ
1032 2036 1308 2090 'i’Dl'l'DY
1355 2026 1426 2081 26

1122 2109 1301 2159 mann
1337 2106 1498 2159 Dim

1078 2267 1167 2325 ’ἓν
1180 2271 1217 2286 ’³
1230 2269 1314 2323 DY
1354 2260 1426 2315 28

1154 2358 1317 2410 D’Dn
1356 2351 1431 2405 51⁹

844 2451 1022 2503 HE“?
1059 2450 1178 2501 Πτιν
1194 2454 1230 2468 ⁸·
1247 2451 1425 2501 mm:

1127 2514 1317 2591 1115’s:
1355 2531 1424 2585 54

547 2690 803 2749 VERSIO
819 2691 1144 2747 HEBRAICI
1169 2692 1378 2751 TEXT.

515 2785 575 2841 8.
620 2783 689 2839 Et
742 2784 915 2839 movit
951 2801 1010 2841 se
1053 2795 1110 2840 et
1158 2786 1493 2841 contremuit

440 2863 609 2911 terra.
664 2853 913 2937 Hierom,
969 2866 1245 2912 commota
1304 2865 1391 2912 est
1439 2866 1495 2913 et

440 2934 772 2982 contremuit
812 2934 977 2981 terra.

510 3016 800 3072 Moverunt
825 3032 884 3072 se
917 3027 971 3072 et
1013 3031 1281 3073 concussa
1336 3026 1490 3082 sunt,

439 3088 701 3157 quoniam
752 3086 907 3141 furor
956 3086 1060 3142 fuit
1111 3088 1182 3142 ei.
1240 3090 1488 3153 Hieron.,

439 3174 710 3213 COIICUSSQ
727 3166 924 3212 suntet
945 3169 1312 3227 conquassata
1337 3167 1489 3224 sunt,

437 3229 697 3299 quoniam
730 3228 902 3283 iratus
925 3237 1008 3282 est
1033 3229 1133 3283 eis.

509 3320 560 3373 9.
604 3317 683 3373 Ex
723 3332 817 3372 ore
879 3318 1000 3388 ejus
1046 3317 1191 3373 edet.
1238 3318 1485 3381 Hierom,

436 3405 504 3445 ex
538 3405 633 3443 ore
654 3389 773 3459 ejus
801 3389 1095 3443 devorans.

510 3483 598 3537 15.
631 3481 943 3554 Grando_et
1002 3483 1271 3538 carbones
1322 3482 1485 3554 ignis.

436 3551 603 3608 Hebr.
636 3555 733 3606 int.
768 3562 817 3607 et
850 3550 1095 3617 "ieram,
1122 3555 1200 3607 id.

508 3648 599 3703 H.
632 3648 700 3702 Et
741 3647 1058 3702 Altlssimus
1100 3647 1249 3702 dedit
1297 3662 1487 3703 vocem

437 3735 619 3785 suam,
645 3718 853 3789 grando
883 3726 937 3789 et
989 3718 1484 3789 carbonesﬂignis.

441 3791 688 3852 "ieram,
736 3796 792 3842 et
828 3788 1147 3843 Altissimus
1189 3788 1363 3843 dedit
1390 3803 1487 3843 vo-

433 3877 554 3916 cem
600 3873 779 3924 suam,
835 3859 1157 3930 grandinem
1192 3871 1246 3914 et
1287 3858 1485 3914 carbo-

432 3947 531 3986 nes
554 3931 715 4001 ignis.

512 4022 597 4078 17.
636 4022 810 4077 Mittet
837 4022 905 4077 de
950 4021 1259 4087 altitudine,
1306 4021 1485 4093 capiet

430 4110 538 4177 me.
578 4092 829 4164 ,Ηξει-οηη
854 4093 1029 4149 mittet
1051 4093 1118 4148 de
1145 4093 1277 4160 alto,
1303 4101 1359 4147 et
1376 4092 1481 4148 ac-

429 4176 600 4236 crpiet
623 4180 732 4219 me.

460 4274 461 4277 η
504 4259 591 4313 19.
650 4257 713 4312 In
765 4255 857 4310 die
905 4254 1255 4311 contritionis
1324 4271 1479 4311 meae.

429 4328 678 4394 Hierom,
712 4328 767 4381 in
796 4327 884 4381 die
909 4326 1221 4381 amictionis
1246 4341 1401 4381 mean

492 4423 583 4479 20.
618 4422 677 4477 In
707 4420 1074 4476 latitudinem.
1113 4418 1364 4483 Hierom,
1394 4419 1473 4474 id.

496 4518 769 4585 Quoniam
836 4515 1165 4585 complacuit
1239 4516 1296 4569 in
1364 4531 1471 4570 me.

430 4588 680 4653 Hierom,
708 4586 835 4657 quia
860 4587 1041 4657 placui
1069 4586 1141 4641 ei.

500 4680 590 4735 25.
623 4679 822 4734 Coram
855 4676 1031 4732 oculis
1060 4676 1196 4731 suis.
1228 4674 1475 4742 Πίθωνι,

428 4752 486 4806 in
519 4757 816 4819 conspectu
849 4748 1137 4803 oculorum
1167 4746 1308 4815 ejus.

493 4841 585 4895 26.
610 4840 749 4895 Cum
776 4836 1135 4894 misericorde
1156 4837 1473 4891 misericors

422 4913 555 4977 eris,
592 4927 717 4965 cum
744 4911 866 4963 viro
911 4907 1152 4979 perfecto
1200 4906 1473 4975 perfectus

423 4984 557 5037 eris.
583 4982 828 5046 Hierom,
856 4995 983 5034 cum
1016 4987 1209 5032 sancto
1244 4988 1475 5032 sanctus

423 5056 554 5117 eris,
588 5062 642 5107 ct
666 5067 791 5106 cum
820 5050 939 5105 viro
978 5049 1270 5102 innocente
1313 5048 1474 5103 inno—

422 5132 613 5176 center
643 5137 792 5192 ages.

495 5212 875 5282 28.Populum
908 5210 1191 5266 aﬂlictum.
1226 5209 1472 5276 ﬂieron.,

420 5284 684 5351 pepulum
716 5298 1030 5353 pauperem.

492 5373 583 5427 51.
609 5371 874 5430 Perfecta.
895 5371 1071 5437 Hien,
1099 5370 1470 5425 immaculata.

494 5464 790 5535 Eloquium
861 5464 1076 5519 Domini
1150 5464 1467 5519 conﬂatum.

423 5529 671 5615 Hieron}
736 5537 1017 5605 eloquium
1069 5535 1288 5591 Domini
1346 5536 1471 5605 igne

419 5614 813 5661 examinatum.

491 5695 584 5748 54.
641 5694 794 5749 Sicut
842 5711 1153 5754 cervarum.
1218 5695 1463 5764 Hierom,

422 5773 712 5835 coaequans
738 5765 904 5835 pedes
943 5781 1096 5823 meos
1124 5769 1323 5823 cervis.

1537 258 2016 319 HEXAPLORUM
2063 260 2229 328 QUAE
2273 261 2713 328 SUPEHSUNT.

1868 376 1957 429 ΤΟ
1996 376 2348 429 EBPAIKON

1774 445 2105 516 Ἑλληνικοῖς
2141 447 2454 519 γράμμασι.

1655 543 1707 597 8.

1647 868 1697 926 9.

1653 1032 1743 1087 15.

1650 1192 1738 1247 14.

1646 1425 1734 1478 17.

1645 1587 1734 1642 19.

1643 1676 1735 1732 20.

1641 1858 1734 1913 25.

1640 2022 1731 2077 26.

1641 2253 1734 2311 28.

1638 2348 1729 2403 51.

1639 2531 1729 2586 54.

1751 2694 2083 2751 VULGATA
2131 2693 2411 2751 LATINA.

1565 2865 1617 2914 te
1640 2788 1694 2843 8.
1728 2788 2018 2845 Commota
2064 2798 2150 2846 est
2181 2800 2237 2845 et
2282 2788 2619 2846 contremuit

1619 2874 1728 2914 rra.

1619 2874 1728 2914 rra.

1636 3019 1975 3076 Conturbata
2025 3030 2157 3077 sunt
2215 3031 2270 3076 et
2338 3031 2612 3077 commota

1565 3098 1713 3157 sunt,
1746 3094 2009 3162 quoniam
2049 3092 2224 3147 iratus
2253 3100 2339 3148 est
2369 3094 2471 3148 eis.

1635 3324 1688 3379 9.
1726 3322 1771 3377 A
1797 3322 1937 3380 facie
1960 3324 2082 3397 ejus
2112 3325 2344 3382 exarsit.

1633 3486 1721 3541 l5.
1749 3485 1970 3541 Grando
1998 3495 2050 3541 et
2077 3487 2345 3543 carbones
2376 3486 2536 3557 ignis.

1634 3647 1721 3701 M.
1759 3644 1828 3701 Et
1869 3647 2188 3703 Altissimus
2230 3648 2383 3703 dedit
2412 3664 2604 3705 vocem

1561 3733 1740 3785 suam,
1765 3719 1975 3788 grando
2002 3730 2056 3773 et
2084 3720 2353 3775 carbones
2391 3719 2553 3792 ignis.

1623 4024 1713 4078 17.
1743 4023 1891 4081 Misit
1920 4023 1989 4081 de
2021 4040 2260 4093 summo,
2291 4038 2346 4081 et
2400 4028 2609 4098 accepit

1556 4110 1663 4151 me.

1623 4258 1710 4314 19.
1742 4260 1803 4315 In
1828 4259 1917 4316 die
1940 4258 2256 4316 amictionis
2286 4274 2441 4314 meae.

1622 4422 1709 4477 20.
1739 4422 1799 4477 In
1833 4420 2198 4477 latitudinem.

1622 4513 1894 4581 Quoniam
1928 4514 2103 4569 voluit
2134 4528 2242 4567 me.

1583 4673 1712 4754 .25.
1785 4672 1847 4727 In
1933 4679 2230 4742 conspectu
2312 4668 2598 4724 oculorum

1549 4758 1689 4814 ειυς.

1616 4835 1708 4889 26.
1728 4833 1865 4889 Cum
1900 4842 2093 4891 sancto
2117 4841 2341 4889 sanctus
2383 4831 2516 4895 eris,
2547 4838 2601 4887 et

1546 4920 1674 4960 eum
1704 4906 1823 4959 viro
1854 4905 2151 4960 innocente
2173 4904 2438 4959 innocens
2462 4902 2595 4958 eris.

1616 5208 1708 5265 28.
1744 5208 2011 5280 Populum
2041 5208 2328 5264 humilem.

1616 5373 1707 5428 31.
1736 5373 2046 5443 lmpo..uta.

1544 5544 1563 5590 ι
1616 5462 1846 5535 Eloquia
1898 5462 2115 5519 Domini
2150 5465 2275 5535 igne
2318 5477 2596 5519 examina-

1568 5550 1619 5590 a.

1568 5550 1619 5590 8.

1607 5698 1696 5753 51.
1721 5697 2024 5768 Tamquam
2050 5711 2363 5755 cervorum.

3669 263 3775 319 636

3093 376 3392 430 ΑΚΥΛΑΣ.

2716 542 2843 685 γῆε.
2876 542 2985 597 Καὶ
3031 544 3257 617 ἐκινήθη
3305 545 3399 600 καὶ
3457 545 3690 616 ἐσείσθη
3744 548 3775 617 ή

2781 862 2832 918 9.
2880 863 3012 919 Ἀπὸ
3060 865 3328 937 πόματος
3376 866 3546 921 αὑτοῦ
3601 869 3747 937 φάγε

2705 952 2818 989 ται.

2783 1027 2867 1083 15.
2906 1026 3130 1093 Χάλαξα
3152 1030 3246 1087 καὶ
3269 1030 3539 1104 ἄνῦρακες
3574 1031 3772 1104 πυρός.

2777 1186 2867 1242 14.

2776 1422 2865 1477 17.

2779 1586 2871 1642 19.

2768 1676 2862 1731 20.

2773 1766 2898 1818 Ὅτι
2926 1764 3192 1838 ἐϐουλήθη
3223 1768 3280 1819 ὲν
3308 1765 3450 1837 ἐμοί.

2768 1858 2860 1915 25.

2766 2020 2855 2075 26.
2892 2021 3040 2076 Μετά
3064 2022 3216 2077 ὁσίου
3241 2024 3595 2096 ὁσιωθήσῃ...

2763 2257 2852 2310 28.
2886 2256 3027 2309 Λαὸν
3059 2257 3286 2320 πένητα.

2762 2347 2851 2401 51.
2892 2347 3127 2411 Τέλειος.

2760 2528 2850 2584 54.

3127 2692 3407 2761 AQUILA.

2690 2866 2741 2913 le
2764 2786 2817 2841 8.
2849 2786 2915 2845 Et
2946 2797 3095 2844 mota
3128 2794 3212 2843 est
3254 2796 3308 2842 et
3348 2800 3626 2843 concussa
3671 2796 3758 2842 es:

2746 2874 2857 2913 rra.

2746 2874 2857 2914 rra.

2758 3325 2813 3380 9.
2850 3324 2933 3380 Ab
2971 3340 3068 3381 ore
3095 3324 3215 3394 ejus
3242 3322 3386 3379 edet.

2757 3488 2846 3543 15.
2873 3488 3094 3543 Grando
3123 3497 3179 3543 et
3215 3486 3488 3543 carbones
3514 3486 3695 3557 ignis.

2762 3649 2848 3703 14.

2759 4020 2845 4075 17.

2754 4252 2841 4308 19.

2746 4414 2839 4469 20.

2747 4506 2883 4573 Quia
2913 4505 3087 4561 voluit
3109 4522 3215 4562 me.

2750 4672 2841 4726 25.

2744 4834 2834 4891 26.
2868 4834 3007 4891 Cum
3041 4842 3235 4890 sancto
3267 4842 3494 4893 sanctus
3518 4835 3667 4893 eris.

2742 5211 2835 5267 28.
2860 5210 3130 5283 Populum
3152 5226 3473 5285 pauperem.

2740 5374 2828 5431 51.
2860 5373 3163 5433 Perfectus.

2734 5694 2827 5749 54.
