3866 6216
121 276 247 336 επ

454 393 862 449 ΣΥΜΜΑΧΟΣ.

203 556 315 612 [καὶ
346 556 559 625 νυκτὸς,
592 558 688 612 καὶ
718 557 778 612 οὐ
806 557 933 629 σιγὴ
969 573 1079 629 μοι.

204 788 258 843 4.
302 788 392 842 Ἐν
424 786 621 857 ἁγίοις.

211 885 446 956 ’Υμνος.

204 972 294 1030 15.
347 972 555 1046 Ταῦροι
616 973 845 1026 σιτιστοὶ
897 971 1189 1045 περιέσχον

133 1061 308 1188 “~14.
360 1135 449 1199 Ὠς
475 1134 612 1188 λέων
650 1136 678 1189 ό
706 1133 954 1207 θηρεύων
980 1131 1192 1208 βρυχώ-

131 1220 321 1271 μενος.

208 1293 233 1345 1
245 1293 299 1347 5.
339 1291 658 1363 Ἐξηχύθην.

208 1384 299 1442 17.
323 1385 445 1439 Ὅτι
483 1383 802 1439 ἐκύκλωσαν
827 1400 894 1454 με
913 1381 1168 1454 θηραταί.

205 1570 298 1626 21.
332 1569 638 1642 Μονότητα.

205 1662 301 1716 24.

220 1822 312 1877 26.
349 1822 460 1875 Καὶ
490 1838 555 1875 κο
563 1821 938 1893 ρεσθήσονται.

204 1918 300 1972 28.
328 1918 506 1971 Πᾶσαι
580 1915 638 1969 αἱ
694 1915 1009 1984 συγγένειαι
1080 1912 1190 1968 τῶν

129 1986 326 2042 ἐθνῶν.

204 2079 296 2133 50.
330 2077 538 2141 Πάντες
554 2079 602 2131 οἱ
634 2076 857 2150 λιπαροὶ
891 2076 992 2148 τῆς
1019 2076 1145 2147 γῆς.

196 2170 548 2241 Ἐμπροσθεν
564 2168 730 2241 αὑτοῦ
746 2169 978 2241 ὀκλάσού
986 2186 1038 2221 σι
1060 2169 1192 2223 πάν-

130 2258 227 2304 τες
254 2239 306 2293 οἱ
340 2239 759 2305 καταβαίνοντες
793 2240 875 2305 εἰς
908 2239 1080 2293 κόνιν.

206 2402 297 2457 51.
318 2397 405 2486 ⁹Ο¹ύ
434 2403 468 2473 ἡ
494 2401 641 2489 ψυχὴ
671 2401 851 2474 ζήσει,
878 2400 1100 2472 σπέρμα
1130 2400 1189 2455 δὲ

128 2472 421 2544 λατρεύσει
449 2472 619 2543 αὐτῷ.

220 2633 693 2706 ’Δναγραφήσεται
753 2633 814 2687 ἐν
870 2632 1060 2705 βιϐλίῳ
1110 2632 1189 2703 τῷ

128 2705 349 2776 Κυρίῳ.

438 2856 890 2917 SYMMACHUS.

198 3036 278 3163 ﬁt
334 3047 498 3095 nocte
532 3080 549 3107 ,
612 3054 715 3108 nec
771 3046 859 3095 est
908 3040 1188 3097 silentium

198 3127 211 3163 ι
256 3125 299 3163 ι.

127 3125 299 3165 ωιηι.

206 3271 263 3326 ι.
304 3267 361 3325 ln
388 3269 613 3327 sanctis.

208 3360 475 3434 Hymnus.

205 3455 298 3579 1:).
329 3453 496 3509 Tauri
528 3454 762 3525 saginati
816 3455 1188 3513 circumdede-

205 3543 236 3579 n
302 3541 409 3579 me.

128 3541 264 3581 runt
302 3541 409 3582 me.

207 3689 298 3745 14.
332 3687 487 3746 Sicut
512 3689 603 3746 leo
630 3704 838 3747 venans
863 3690 1107 3762 rugiens.

204 3848 298 3903 13.
328 3845 547 3906 Eﬂ'usus
573 3866 717 3906 sum.

206 3938 296 3992 17.
353 3938 625 4004 Quoniam
706 3939 1188 3997 circumdederunt

127 4022 222 4063 me
252 4020 563 4066 venatores.

202 4261 267 4316 21
280 4300 296 4315 .
334 4260 634 4318 Unitatem.

206 4425 300 4484 24.

200 4586 293 4642 26.
326 4585 396 4646 Et
421 4587 832 4651 saturabumur.

203 4678 299 4739 28.
328 4682 609 4740 Universae
651 4684 1005 4756 cognationes
1060 4696 1191 4752 gen-

129 4754 297 4811 tium.

205 4913 301 4970 50.
337 4913 541 4969 Omnes
567 4914 800 4987 pingues
836 4921 1016 4969 teme.

205 5075 265 5129 In
304 5085 596 5147 conspectu
657 5076 799 5147 ejus,
830 5074 1196 5147 procumbent

127 5162 331 5203 omnes
358 5146 750 5202 descendentes
788 5146 844 5201 in
892 5146 1192 5216 pulverem.

201 5449 297 5505 51.
325 5447 496 5529 Cujus
537 5447 724 5529 anima
772 5445 936 5512 vivet,
996 5459 1186 5503 semen

124 5531 322 5576 autem
350 5527 552 5575 serviet
580 5527 705 5588 ψει.

200 5747 558 5812 Describetur
581 5751 639 5813 in
670 5744 807 5810 libro
826 5748 1086 5808 Domino.

1533 275 1813 334 PSALMU
1835 278 1874 335 S
1906 278 2047 335 XXI.

1759 401 1835 455 0'.

1333 558 1445 612 Καὶ
1468 557 1679 624 νυκτὸς,
1719 559 1815 612 καὶ
1862 559 1962 613 οὐκ
2017 560 2098 622 εἰς
2127 559 2316 614 ἄνοιαν

1264 626 1409 701 ἐμοί.
1446 630 1684 701 Ἄλλος,
1730 630 1831 683 οὐκ
1869 632 1948 693 εἰς
1977 630 2312 701 ἀφροσύνην.

1261 697 1340 761 E',
1370 700 1570 769 σιωπή.

1332 787 1388 841 4.
1437 789 1526 841 ’Ev
1557 789 1719 861 ἁγίῳ.

1337 880 1619 944 Ἐπαινος.

1337 970 1423 1025 15.
1456 970 1657 1042 Ταῦροι
1688 972 1872 1038 πίονες
1903 975 2191 1047 περιέσχον
2221 993 2311 1048 με.

1335 1129 1421 1207 14.
1484 1131 1572 1195 Ὠς
1620 1131 1756 1187 λέων
1800 1135 1829 1187 ὁ
1905 1135 2168 1207 ἁρπάζων
2219 1139 2314 1192 καὶ

1261 1199 1595 1273 ὼρυόμενος.

1336 1294 1423 1348 15.
1471 1292 1789 1365 Ἐξηχύθην.

1337 1387 1423 1440 17.
1456 1387 1577 1441 Ὀτι
1598 1386 1915 1441 ὲκύκλωσάν
1941 1405 2007 1459 με
2035 1387 2215 1451 κύνες.

1338 1477 1594 1549 Ὠρυξαν.

1335 1570 1397 1624 21
1411 1609 1425 1625 .
1458 1569 1763 1640 Μονογενῆ.

1332 1666 1423 1719 24.
1451 1663 1589 1720 Οὐδὲ
1623 1662 1986 1735 προσώχθισε.
2047 1666 2308 1735 Ἀλλος,

1262 1736 1364 1789 οὐκ
1392 1735 1655 1789 ἁπεὸδελύ
1663 1735 1809 1790 Εατο.

1332 1828 1423 1882 26.
1463 1829 1517 1881 Ἐ
1525 1828 1989 1900 μπλησθήσονται.

1333 1918 1424 1972 28.
1455 1919 1636 1973 Πᾶσαι
1658 1918 1714 1972 αἱ
1739 1919 1964 1991 πατριαὶ
1986 1918 2095 1972 τῶν
2117 1918 2309 1973 ἐθνῶν.

1331 2074 1421 2130 50.
1460 2074 1670 2139 Πάντες
1706 2077 1756 2129 οἱ
1780 2076 1964 2140 πίονες
1985 2078 2083 2149 τῆς
2111 2078 2238 2147 γῆς.

1345 2165 1603 2219 Ἐνώπιον
1651 2167 1818 2238 αὐτοῦ
1878 2168 2313 2238 προσπεσοῦνται

1264 2235 1467 2310 παντες
1517 2239 1567 2290 οἱ
1621 2235 2040 2301 καταϐαίνοντες
2092 2240 2172 2302 εἰς
2213 2240 2313 2310 τὴν

1338 2323 1385 2360 ν.

1259 2322 1557 2471 γ1151η1¹ἱαὶ
1583 2398 1728 2470 ψυχή
1766 2416 1868 2471 μου
1898 2399 2055 2471 αύτῷ
2080 2399 2168 2471 ζῇ,
2215 2417 2314 2454 και

1258 2468 1320 2543 εδ
1348 2469 1573 2543 σπέρμα
1600 2468 1606 2470 ⁷
1637 2468 1738 2543 μού
1768 2468 2077 2543 βουλεύσει
2120 2468 2306 2543 αὐτῷ.

1263 2540 1340 2606 E’,
1368 2538 1562 2607 Εῖ¹,ήΖ’1
1593 2538 1687 2593 καὶ
1717 2541 1750 2610 ἡ
1783 2539 1927 2612 ψυχή
1969 2558 2096 2611 μου.

1344 2630 1799 2703 Ἀναγγελήσεται
1824 2630 1902 2702 τῷ
1930 2632 2139 2703 Κυρίῳ.

1424 2856 1569 2913 LXX
1606 2858 2118 2916 INTERPRETES.

1329 3041 1397 3097 Et
1425 3050 1606 3108 nocte,
1658 3050 1713 3097 et
1741 3057 1850 3097 non
1896 3041 1965 3096 ad
2022 3039 2308 3096 stultitiam

3333 284 3443 342 678

2707 398 3110 455 ΘΕΟΔΟΤΙΩΝ.

2459 559 2574 614 Καὶ
2592 560 2808 626 νυκτὸς,
2834 561 2929 613 καὶ
2958 560 3019 613 ού
3056 559 3183 630 σιγή
3218 575 3328 629 μοι.

2467 790 2503 845 4

2456 878 2687 938 'Yuvoc.

2458 882 2483 900 υ
2578 898 2637 934 νο
2672 922 2687 938 .

2458 882 2847 1028 Δυῖὰσται
2869 971 3049 1027 Βασὰν
3073 970 3441 1042 διεδειγματί-

2388 1043 2550 1097 σαντό
2584 1059 2675 1113 με.

2461 1132 2554 1188 14.

2465 1295 2553 1349 15.
2589 1292 2914 1366 Ἐξηχύθην.

2458 1386 2545 1440 17.
2574 1386 2696 1441 ’Ότι
2722 1384 3039 1439 ἐκύκλωσάν
3078 1400 3147 1455 με
3177 1382 3359 1446 κύνες.

2466 1563 2558 1620 21.

2457 1659 2559 1715 24.

2463 1821 2555 1876 26.

2455 1915 2548 1973 28.

2456 2077 2548 2133 50.

2456 2401 2546 2458 51.
2580 2400 2690 2455 Καὶ
2717 2402 2750 2473 ἡ
2776 2400 2923 2474 ψυχὴ
2953 2400 3118 2455 αὑτοῦ
3152 2401 3248 2474 ζῇ.

2702 2854 3119 2917 ΤΗΕΟΒΟΤΙΟ.

2453 3037 2520 3093 Ει
2577 3046 2737 3095 nocte
2763 3078 2781 3105 ,
2843 3053 2953 3094 nec.
3007 3046 3092 3094 est
3154 3036 3437 3092 silentium

1258 3113 1417 3167 mihi.
1446 3113 1622 3179 Alius,
1656 3128 1767 3168 non
1799 3112 1869 3168 ad
1897 3111 2205 3167 stultitiam.
2244 3111 2307 3177 γ.
2382 3109 2514 3164 mih'

1260 3183 1558 3238 silentium.

1330 3274 1384 3329 4.
1419 3272 1476 3328 In
1506 3283 1717 3330 sancto.

1329 3366 1499 3423 Laus.

1257 3459 1420 3585 "1:5.
1470 3457 1639 3515 Tauri
1689 3463 1924 3531 pingues
1976 3456 2313 3514 obsederunt

1330 3690 1418 3746 14.
1444 3690 1600 3747 Sicut
1625 3691 1714 3748 leo
1742 3692 1962 3764 rapiens
1980 3698 2035 3748 et
2062 3691 2309 3764 rugiens.

1329 3852 1418 3907 15.
1454 3851 1676 3910 Eli‘usus
1703 3870 1847 3911 sum.

1331 3945 1419 3998 17.
1476 3944 1753 4011 Quoniam
1830 3946 2311 4003 circumdederunt

1257 4029 1345 4069 me
1378 4029 1562 4076 canes.

1330 4172 1633 4231 Foderunt.

1328 4264 1423 4323 21.
1465 4266 1836 4339 Unigenitam.

1332 4430 1422 4487 24.
1457 4429 1648 4507 Neque
1695 4431 1935 4507 offensus
1988 4441 2093 4487 est.
2133 4430 2308 4497 Alius,

1262 4516 1442 4570 neque
1470 4501 1819 4557 abominatus
1850 4509 1954 4556 est.

1331 4590 1424 4645 26.
1449 4590 1841 4661 lmplebuntur.

1333 4683 1426 4737 28.
1459 4681 1738 4738 Universae
1782 4681 2005 4738 familiae
2041 4682 2308 4754 gentium.

1334 4914 1422 4971 50.
1451 4914 1654 4971 Omnes
1689 4914 1918 4987 pingues
1947 4922 2127 4970 terrae.

1333 5070 1393 5126 In
1424 5080 1719 5143 conspectu
1745 5074 1865 5143 ejus
1888 5072 2087 5129 cadent
2117 5085 2309 5128 omnes

1265 5143 1362 5211 qui
1385 5142 1726 5199 descendunt
1754 5142 1811 5198 in
1836 5154 2060 5200 terram.

1329 5446 1420 5502 51.
1452 5445 1519 5502 Et
1555 5447 1739 5502 anima
1784 5461 1909 5502 mea
1963 5446 2040 5502 illi
2074 5446 2225 5510 vivit,
2258 5455 2315 5502 et

1262 5531 1447 5589 semen
1478 5532 1661 5572 meum
1712 5518 1913 5573 serviet
1942 5517 2067 5589 ipsi.
2107 5517 2174 5587 γ,
2219 5515 2308 5584 Vl,

1261 5586 1374 5657 γιι,
1410 5596 1464 5643 et
1494 5589 1676 5643 anima
1705 5602 1847 5643 mea.

1329 5751 1756 5810 Annuntiabitur
1786 5749 2044 5810 Domino.

2456 3272 2512 3326 4.

2453 3364 2720 3436 Hymnus.

2455 3458 2546 3513 15.
2579 3456 2835 3513 Potentes
2865 3454 3045 3512 Basan
3074 3453 3437 3512 traduxerunt

2382 3542 2490 3582 me.

2455 3688 2546 3745 14.

2453 3851 2541 3905 15.
2576 3850 2798 3905 Eﬁusus
2828 3864 2971 3905 sum.

2453 3943 2541 4000 17.
2602 3943 2873 4010 Quoniam
2958 3938 3437 3998 circumdederunt

2380 4030 2471 4071 me
2507 4030 2694 4071 canes.

2453 4266 2544 4321 21.

2452 4424 2545 4480 21.

2450 4585 2544 4641 26.

2450 4678 2543 4733 28.

2458 4912 2552 4969 50.

2456 5447 2547 5507 51.
2574 5446 2644 5506 Ει
2677 5448 2859 5506 anima
2892 5448 3011 5522 ejus
3038 5448 3195 5506 vivit.
