3866 6216
122 300 237 355 741

462 417 866 473 ΣΥΜΜΔΧΟΣ.

205 554 299 628 12.
342 554 543 628 Ἐννοεζ
590 556 618 628 ο
668 556 871 628 ἀσεϐὴς
922 558 1181 628 περὶτοῦ

119 620 367 696 δικαίου,
406 627 496 677 καὶ
521 625 704 696 βρύχει
732 620 849 680 κατ’
873 620 1036 680 αὐτοῦ
1059 629 1185 691 τοὺς

121 693 357 758 ὀδόντας
389 693 575 749 αὐτοῦ.

177 785 304 868 ,1ὅὲ
334 786 442 839 Kal
493 788 522 839 ὁ
576 785 779 858 Κύριος
826 787 1183 856 καταγελάσει

123 871 330 908 αυτου,

206 946 299 1019 17.
333 947 442 1000 Kal
475 947 932 1019 ἀντιλαμϐάνεται
969 950 1077 1005 τῶν
1107 951 1185 1005 δι-

122 1016 329 1069 καίων.

204 1104 583 1182 18.-Προοῖᾷεν
618 1109 647 1161 ὁ
688 1108 889 1181 Κύριος
928 1110 1026 1174 τὰς
1052 1111 1186 1182 ἡμέ-

129 1192 238 1245 ρας
268 1176 669 1248 τῶνίὰμώμων.

200 1268 298 1325 20.
337 1270 458 1325 Ὀτι
486 1271 537 1324 οἱ
567 1271 879 1343 ἁμαρτωλοὶ
925 1272 1185 1326 ἀπολοῦν-

122 1356 246 1393 ται.

201 1430 320 1482 Καὶ
340 1431 387 1482 οἱ
416 1429 600 1501 ἐχθροὶ
626 1430 719 1484 τοῦ
745 1431 971 1502 Κυρίου.

201 1518 297 1572 22.
330 1520 390 1573 Οἱ
421 1519 770 1591 εὐλογημένοι
796 1521 887 1574 ὑπ’
922 1520 1107 1575 αὐτοῦ.

202 1609 447 1681 Καταρώ
454 1628 603 1681 μενοι
636 1612 727 1664 ὑπ’
757 1612 941 1665 αὐτοῦ.

200 1701 294 1754 25.
332 1702 443 1754 Kal
468 1704 502 1772 ἡ
523 1701 640 1765 ὁδός
667 1703 831 1756 αὐτοῦ
860 1703 1180 1757 εὐδοκεῖται.

201 1791 301 1846 25.
321 1793 457 1856 Νὲος
474 1794 757 1865 ἐγενόμην,
786 1795 919 1849 ἀλλὰ
940 1797 1031 1849 καὶ
1061 1796 1186 1866 ἐγή-

128 1880 303 1934 ρασα.

204 1952 315 2007 Kal
344 1954 443 2007 οὐκ
473 1948 610 2007 εἶδον
658 1954 861 2008 δίκαιον
886 1956 1182 2024 ἐγκαταλε-

127 2022 452 2103 ξιμθὲνον,
505 2024 629 2078 οὔτε
666 2025 724 2078 τὸ
751 2022 970 2098 σπέρμα
1016 2025 1181 2080 αὑτοῦ

132 2092 337 2164 ζητοῦν
366 2094 583 2165 ἄρτους.

206 2182 301 2238 26.

205 2344 297 2399 27.
320 2345 433 2399 Καὶ
454 2346 753 2417 ὴρεμήσεις
773 2347 852 2409 είς
870 2344 1039 2401 αίῶνα
1060 2346 1183 2399 αίῶ-

131 2430 248 2478 νος.

150 2536 161 2548 -
206 2506 300 2562 28.

208 2669 303 2727 32.

425 2832 872 2890 SYMMACHUS.

209 2927 303 2981 12.
356 2927 573 2997 Cogitat
594 2928 791 2998 impius
809 2927 877 2982 de
927 2927 1091 2997 iusto,
1125 2937 1180 2984 et

127 2998 334 3054 stridet
371 3009 565 3054 contra
601 3014 725 3053 eum
761 3000 1016 3055 dentibus
1040 2999 1174 3055 suis.

200 3301 293 3356 15.
324 3300 390 3354 Ει
412 3298 676 3357 Dominus
701 3301 969 3359 deridebit
999 3318 1146 3360 eum.

203 3460 299 3517 17.
341 3459 407 3516 Ει
438 3461 897 3533 suscipitjustos.‘

206 3624 297 3679 18.
326 3623 607 3680 Praescivit
636 3624 898 3681 Dominus
927 3625 1043 3682 dies
1076 3626 1179 3681 im-

126 3696 554 3751 maculatorum.

203 3855 297 3911 20.
332 3856 470 3921 Quia
504 3866 819 3927 peccatores
856 3856 1134 3927 peribunt.

205 4014 277 4071 Et
304 4015 511 4072 inimici
542 4016 777 4073 Domini.
810 4060 813 4065 .

186 4108 295 4177 322.
324 4109 596 4167 Benedicti
630 4112 699 4166 ab
729 4126 813 4168 eo.

204 4268 475 4328 Maledicti
510 4274 580 4330 ab
604 4289 689 4331 eo.

202 4433 296 4490 2³5.
343 4432 409 4489 Ει
437 4435 523 4489 via
562 4436 680 4507 ejus
713 4445 933 4507 accepta
963 4446 1064 4493 est.

200 4596 287 4653 25.
313 4596 538 4656 Iuvenis
561 4599 661 4667 fui,
688 4600 781 4656 sed
803 4602 966 4657 etiam
989 4603 1167 4659 senui.

198 4756 268 4812 Et
291 4774 397 4814 non
444 4760 552 4814 vidi
578 4766 789 4843 iustum
824 4761 1166 4829 derelictum,

130 4843 308 4898 neque
342 4844 526 4886 semen
551 4846 670 4900 ejus
690 4847 942 4903 quaerens
967 4848 1158 4903 panes.

198 5129 289 5190 26.

125 5359 290 5489 cuﬁ'l.
317 5359 383 5418 Et
412 5361 664 5434 quiesces
690 5364 747 5421 in
767 5365 1027 5424 saeculum
1056 5382 1159 5424 sae-

195 5519 285 5576 28.

187 5676 275 5735 52.

1461 298 1784 356 PSALMUS
1815 297 2055 355 XXXVI.

1824 421 1901 472 θ’.

1450 556 1956 628 Παρατηρήσεταιηὸ
1980 557 2299 628 ἁμαρτωλὸς

1254 625 1345 678 τὸν
1383 625 1607 689 δίκαιον,
1650 625 1742 679 καὶ
1786 627 1971 696 βρύξει
2022 625 2111 680 ἐπῆ
2139 628 2298 680 αὑτὸν

1255 696 1380 757 τοὺς
1410 696 1625 759 ὀδόντας
1654 697 1844 748 αὑτοῦ.

1327 787 1412 840 13.
1460 786 1519 837 '0
1574 787 1630 840 δὲ
1684 786 1886 856 Κύριος
1950 787 2299 856 ὲκγελάσεται

1257 857 1436 910 αὐτόν.

1326 948 1352 1001 1
1365 948 1416 999 7.
1432 946 1811 1018 ’Υποστηρίζει
1829 948 1883 999 δὲ
1899 948 2024 1011 τοὺς
2039 948 2296 1012 δικαίους.

1328 1107 1413 1162 18.
1440 1106 1699 1179 Γινώσκει
1754 1107 1958 1179 Κύριος
2004 1106 2105 1171 τὰς
2141 1108 2299 1173 ὀδοὺς

1256 1177 1363 1232 τῶν
1390 1177 1653 1248 ἀμώμων.

1325 1273 1417 1329 20.
1455 1274 1574 1327 Ὅτι
1602 1274 1649 1325 οί
1684 1273 1994 1344 ἁμαρτωλοὶ
2033 1273 2298 1328 ἀπολοῦν-

1256 1360 1365 1399 ται.

1328 1436 1390 1487 Οἱ
1422 1434 1478 1487 δὲ
1515 1432 1698 1505 ἐχθροὶ
1724 1433 1817 1486 τοῦ
1840 1434 2066 1505 Κυρίου.

1326 1527 1417 1581 22.
1452 1526 1516 1580 Οἱ
1550 1525 1895 1593 εὐλογοῦντες
1920 1527 2101 1583 αὐτόν.

1324 1617 1389 1669 Οἱ
1413 1617 1470 1669 δὲ
1494 1615 1868 1687 καταρώμενοι
1899 1616 2081 1669 αὐτόν.

1323 1706 1411 1760 2'5.
1454 1707 1565 1760 Kal
1592 1707 1689 1777 τὴν
1718 1706 1835 1760 ὁδὸν
1868 1705 2031 1759 αὐτοῦ
2061 1706 2295 1777 Θελήσει.

1323 1797 1412 1870 25.
1448 1794 1732 1866 Νεώτερος
1764 1795 2030 1867 ἐγενόμην
2073 1798 2163 1850 καὶ
2191 1800 2299 1870 γὰρ

1254 1867 1522 1938 ἐγήρασα.

1324 1958 1434 2010 Kal
1457 1957 1557 2010 οὐκ
1585 1952 1722 2010 εἶδον
1755 1958 1960 2010 δίκαιον
2006 1958 2299 2026 ἐγκαταλε-

1254 2028 1567 2108 ἒειμμένον,
1629 2026 1753 2080 οὕτε
1779 2028 1844 2080 ’τὸ
1878 2026 2097 2097 σπέρμα
2134 2028 2297 2081 αὐτοῦ

1253 2097 1448 2168 ζητοῦν
1478 2098 1694 2168 ἄρτους.

1324 2187 1412 2259 26.
1449 2188 1612 2257 Ὅλην
1640 2188 1739 2257 τὴν
1788 2187 1997 2259 ἡμέραν
2035 2188 2175 2241 ἐλεεῖ
2206 2188 2298 2241 καὶ

1251 2258 1500 2322 δανείζει.

1294 2348 1410 2435 27.
1440 2348 1550 2402 Kal
1599 2349 1939 2419 κατασκήνω
1997 2349 2077 2411 είς
2128 2346 2299 2400 αἰῶνα

1254 2435 1466 2481 αιωνος.

1322 2510 1412 2564 28.
1448 2510 1587 2573 Τοὺς
1613 2511 1792 2575 ὁσίους
1829 2510 2015 2565 αὑτοῦ.
2048 2512 2295 2577 Ἄλλος,

1252 2582 1379 2644 τοὺς
1409 2581 1606 2649 ἁγνοὺς
1631 2581 1817 2634 αὐτοῦ.

1323 2672 1410 2795 ξ2.
1439 2673 1726 2725 Κατανοεί.
1763 2673 2007 2738 Ἄλλος,
2038 2687 2293 2743 περισκο-

1254 2759 1319 2795 πε
1349 2781 1362 2794 .

1421 2833 1564 2888 LXX
1600 2831 2099 2892 INTEBPRETES.

1325 2926 1412 2980 12.
1441 2927 1763 2982 Observabit
1785 2936 2036 2997 peccator
2055 2927 2290 2994 justum,

1255 2996 1595 3078 et.stridebit
1647 2996 1810 3069 supei'
1861 3014 1987 3053 eum
2041 2997 2296 3052 dentibus

1253 3082 1390 3123 SUIS.

1324 3299 1410 3354 15.
1477 3297 1746 3354 Dominus
1816 3308 1999 3355 autem
2044 3299 2297 3355 irridebit

1251 3384 1397 3425 eum.

1324 3459 1410 3514 17.
1440 3459 1739 3515 Conﬁrmat
1763 3468 1944 3515 autem
1970 3460 2171 3530 justos.

1320 3622 1406 3676 18.
1440 3622 1601 3677 Novit
1629 3621 1894 3678 Dominus
1933 3623 2050 3679 dies
2081 3623 2280 3678 imma-

1251 3694 1576 3748 culatorum.

1320 3855 1408 3910 20.
1444 3854 1583 3922 Quia
1605 3864 1923 3925 peccatores
1953 3855 2233 3926 peribunt.

1322 4018 1533 4073 Inimici
1561 4034 1689 4073 vero
1716 4018 1951 4073 Domini.

1320 4109 1411 4164 22.
1436 4109 1823 4165 Bcnedicentes
1842 4109 1916 4165 ei.

1319 4267 1702 4327 Maledicentes
1724 4280 1905 4326 autem
1938 4272 2012 4327 ei.

1316 4432 1405 4487 2'5.
1430 4431 1492 4486 Et
1518 4432 1661 4487 viam
1692 4434 1811 4502 ejus
1836 4434 1999 4489 volet.

1314 4593 1404 4648 25.
1431 4592 1625 4648 Junior
1652 4592 1750 4659 fui,
1778 4592 1976 4648 etenim
2000 4592 2178 4648 senui.

1297 4756 1379 4815 IEt
1403 4774 1512 4814 non
1536 4760 1647 4814 vidi
1681 4759 1890 4829 justum
1938 4760 2281 4825 derelictum,

1244 4840 1419 4899 neque
1453 4844 1639 4885 semen
1662 4831 1780 4900 ejus
1804 4845 2053 4901 quaerens
2088 4846 2277 4900 panes.

1312 5127 1423 5253 2d6.;
1443 5128 1576 5185 Tota
1606 5131 1695 5186 die
1724 5130 2015 5187 miseretur
2045 5140 2097 5185 et
2124 5146 2278 5186 com-

1312 5214 1330 5253 )
1369 5214 1398 5253 a
1431 5240 1444 5253 .

1239 5214 1444 5254 moaat.

1309 5362 1398 5485 E7.
1426 5360 1492 5416 Et
1521 5362 1771 5417 inhabita
1795 5363 1849 5416 in
1884 5362 2143 5419 sacculum
2176 5379 2278 5419 sae-

1330 5449 1365 5485 Ι.

1237 5448 1365 5488 Cll“.

1306 5522 1398 5576 28.
1436 5520 1666 5578 Sanctos
1696 5538 1849 5580 suos.
1880 5524 2054 5591 Alius,
2096 5535 2276 5579 castos

1236 5607 1385 5647 SUOS.

1444 5690 1781 5748 Considerat.
1832 5690 2006 5759 Alius,
2040 5691 2275 5749 circum-

1320 5774 1348 5812 c
1398 5799 1412 5814 .

1320 5774 1412 5814 Cll.

2449 555 2537 610 12.

2452 785 2519 839 15

2444 942 2533 996 17.

2440 1098 2527 1153 18.

2445 1258 2534 1314 20.

2442 1512 2532 1569 22.

2443 1782 2533 1837 25.

2444 2175 2534 2231 26.

2440 2338 2533 2393 27.

2441 2500 2531 2554 28.

2444 2660 2530 2716 52.

2446 2918 2533 2975 12.

2438 3292 2525 3347 15.

2441 3455 2528 3511 17.

2438 3619 2529 3673 18.

2437 3851 2526 3904 20.

2428 4582 2520 4638 25.

2420 5351 2508 5406 27.

2418 5685 2513 5744 '52;

2692 415 3084 473 ΘΕΟΔΟΤΙΩΝ.

2672 2818 3082 2877 THEODOTIO.
3105 2823 3112 2837 ‘

3303 284 3411 344 742
