3870 6216
144 337 255 395 ’15⁵1

466 456 878 513 mox.

223 616 277 672 8.
311 614 378 671 Τί
403 615 582 687 τίμιον
611 617 675 671 τὸ
702 617 849 682 ἔλεός
878 634 991 671 σου.

225 707 346 762 Υἱοὶ
377 707 434 761 δὲ
450 707 561 780 τῶν
585 708 886 780 ἀνθρώπιον
908 706 1197 780 ὑπδὴσκιὰν

149 777 263 833 τῶν
295 777 579 850 πτερύγων
611 777 705 832 σου
738 779 1122 851 ἀμεριμνοῦσι.

224 869 277 924 9.
310 868 524 931 Ποτιεὶς
550 868 765 933 αὐτούς.

227 958 315 1029 11.
343 958 452 1029 Καὶ
469 958 568 1029 τὴν
584 956 954 1029 ἐλεημοσύνην
971 974 1066 1012 σου
1088 959 1201 1023 τοῖς

151 1027 347 1092 ἁπλοῖς
376 1028 475 1099 τὴν
502 1027 747 1099 καρδίαν.

227 1120 315 1173 15.
349 1118 524 1189 Ὅπου
570 1117 858 1189 πίπτουοιν
884 1119 956 1189 μοι
981 1116 1203 1189 ἐργαζᾲ

158 1206 311 1260 μενοι
339 1187 436 1260 τὴν
462 1188 692 1260 ἀνομίαν
714 1232 728 1251 ,
768 1186 1069 1255 ὠθοῦνται.
1106 1187 1203 1242 καὶ

154 1258 216 1313 οὐ
246 1258 573 1330 δυνήάονται
593 1259 804 1329 στῆναι.

443 1389 897 1447 SYMMACHUS.

158 1580 213 1637 ὁ.
234 1510 299 1635 8.t
316 1510 489 1577 Quam
517 1510 757 1581 pretiosa
788 1518 871 1567 est
900 1509 1206 1568 misericor-

200 1598 250 1635 ia
302 1597 392 1637 ua.

200 1598 250 1635 la
279 1597 392 1639 Illa.

232 1677 357 1731 Filii
398 1685 578 1732 autem
611 1677 894 1731 hominum
930 1678 1037 1732 sub
1078 1694 1205 1732 um-

161 1748 262 1803 bra
298 1748 509 1802 alarum
539 1757 756 1802 tuarum
786 1763 814 1802 a
851 1749 1209 1804 solicitudine

158 1818 459 1875 vacabunt.

233 1976 287 2033 9.
314 1976 533 2033 Potabis
561 1992 677 2033 eos.

233 2067 321 2121 11.
352 2069 421 2122 Et
445 2068 876 2125 misericordiam
898 2076 1051 2124 tuam
1073 2067 1206 2124 sim-

161 2137 398 2208 plicibus
427 2139 609 2193 corde.

242 2298 331 2352 15.
368 2295 474 2353 Ubi
522 2297 727 2353 cadunt
778 2306 1068 2366 operantes
1102 2297 1211 2351 ini-

165 2368 488 2438 quitatem:
546 2369 927 2438 impelluntur,
993 2377 1049 2423 et
1102 2383 1215 2423 non

167 2446 431 2509 poterunt
458 2447 624 2495 stare.

1503 337 1830 398 PSALMUS
1869 336 2110 395 XXXVI.

1764 459 1842 512 0'.

1338 614 1392 672 8.
1432 614 1519 681 Ὠς
1538 617 1773 689 ὲπλήνας
1792 618 1853 671 τὸ
1879 618 2025 680 ἔλεός
2055 635 2170 672 σου.

1338 708 1399 761 Οἱ
1422 707 1478 780 ᾂὲ
1504 708 1609 761 υἱοὶ
1632 709 1741 780 τῷν
1766 708 2066 780 ἀνθρώπων
2096 710 2154 780 ἐν
2194 709 2312 763 σκέ-

1266 793 1346 851 πῃ
1376 778 1485 831 τῶν
1508 779 1795 849 πτερύγων
1820 778 1911 832 σου
1934 779 2200 836 ὲλπιοῦσι.

1339 868 1395 923 9.
1417 869 1626 933 Ποτιεῖς
1646 866 1864 932 αύτούς.

1344 958 1568 1033 Haqu
1593 960 1691 1031 τὴν
1732 960 2076 1033 δικαιοσύνην
2135 977 2228 1014 σου
2257 961 2316 1015 ὲν

1271 1030 1384 1093 τοῖς
1410 1030 1592 1083 εύθέσι
1618 1030 1684 1101 τῇ
1713 1031 1927 1102 καρδίᾳ.

1346 1119 1434 1174 15.
1480 1120 1625 1193 Ἐκξί
1650 1121 1842 1193 ἔπεσον
1869 1121 2074 1193 πάντες
2092 1123 2143 1193 οξ
2165 1123 2323 1193 ὲργα-

1279 1188 1497 1262 ζόμενοι
1549 1191 1656 1262 τὴν
1677 1192 1905 1261 ἀνομίαν
1927 1231 1941 1255 ,
1967 1188 2318 1262 νὲξώσθηὸ-αν,

1275 1260 1369 1313 καὶ
1407 1262 1467 1314 ού
1503 1260 1579 1332 μὴ
1603 1260 1864 1315 δύνωνὲαι
1895 1261 2107 1331 στῆναι.

1460 1392 1604 1448 LXX
1641 1393 2144 1449 INTERPRETES.

1350 1512 1403 1568 8.
1443 1512 1913 1581 Quemadmodum
1944 1513 2315 1584 multiplicasti

1279 1583 1706 1639 misericordiam
1731 1596 1899 1639 tuam.

1348 1672 1470 1746 Filii
1508 1684 1689 1729 autem
1726 1674 2009 1729 hominum
2033 1674 2086 1728 in
2127 1674 2315 1746 tegmi-

1280 1758 1348 1799 ne
1378 1745 1588 1799 alarum
1621 1753 1836 1799 tuarum
1870 1748 2186 1814 sperabunt.

1392 2014 1406 2028 .
1442 1971 1665 2029 Potabis
1690 1989 1806 2029 eos.

1354 2064 1441 2119 11.
1487 2065 1554 2118 Ει
1600 2066 1867 2136 justitiam
1905 2074 2055 2121 tuam
2108 2065 2196 2122 his
2229 2066 2323 2136 qui

1282 2144 1431 2190 recto
1455 2144 1583 2192 sunt
1619 2136 1803 2191 corde.

1356 2299 1441 2352 15.
1474 2297 1550 2352 lbi
1611 2296 1926 2352 ceciderunt
1983 2311 2175 2353 omnes
2227 2298 2323 2366 qui

1285 2378 1581 2437 Operantur
1654 2368 2049 2436 iniquitatem;
2115 2369 2325 2437 expulsi

1287 2446 1435 2504 sunt,
1466 2447 1519 2494 et
1548 2452 1657 2493 non
1690 2446 1983 2509 potuerunt
2022 2444 2186 2494 stare.

3323 334 3427 392 “3.38

2697 456 3094 516 OEOAOTIQN.

2450 616 2506 675 8.

2454 871 2508 926 9.
2550 872 2764 937 Ποτιεῖς
2788 870 3008 938 αὐτούς.

2462 963 2549 1019 11.

2461 1121 2549 1178 15.

2716 1394 3126 1455 THEODOTIO.

2469 1976 2524 2033 9.
2555 1976 2779 2038 Potabis
2802 1993 2919 2038 eos.

2466 2070 2555 2127 11.

2472 2301 2561 2358 15.

999 2807 1177 2868 Notae
1204 2811 1265 2868 et
1295 2803 1486 2869 variae
1514 2804 1825 2869 lectiones
1851 2806 1929 2868 ad
1964 2804 2289 2869 Psalmum
2324 2807 2598 2870 XXXV.

166 2930 288 2988 sius
318 2936 499 2985 autem
526 2927 720 2996 habet,
765 2927 863 2983 καὶ
888 2929 923 3000 ἡ
956 2926 1241 2998 βεϐαιότης
1272 2944 1367 2981 σου
1400 2927 1504 2993 ἕως
1527 2927 1636 2981 τῶν
1666 2928 1753 2982 αἱ·

170 3000 395 3055 θεοιων.

299 3110 313 3124 .
344 3070 395 3125 7.
448 3070 552 3139 Ἄ..
589 3067 901 3137 δικαιοσύνη
936 3085 1029 3121 σου
1070 3066 1145 3131 ὡς
1201 3067 1307 3139 δρῃ
1351 3066 1755 3139 Ἰσχυροῷγδίο

169 3138 444 3225 Eusebius
466 3180 482 3206 ,
515 3138 745 3225 Drusius
772 3148 825 3225 et
852 3139 1057 3225 aliquot
1100 3137 1246 3225 mss.
1268 3137 1372 3225 sed
1399 3137 1755 3225 duoflol‘her:

167 3211 273 3265 tini
310 3224 561 3279 unusque
596 3209 833 3280 Regius,
880 3206 958 3272 ὼξ
1002 3206 1103 3278 ὄρη
1140 3208 1368 3279 ἰσχυρά,
1393 3217 1446 3263 et
1481 3210 1559 3264 sic
1589 3208 1753 3262 etiam

167 3280 307 3348 legit
332 3280 518 3334 Daniel
546 3278 842 3342 Barbarus,
876 3278 971 3348 qui
1001 3276 1183 3344 vertit,
1210 3289 1409 3332 montes
1440 3280 1627 3348 fortes.

1861 2927 1942 2983 nit
1969 2929 2041 2981 ἀκ
2082 2928 2375 2999 ι6ἀσματα,
2411 2928 2658 3000 προστάγ
2740 2946 2827 2984 τα.

1935 2998 1996 3051 V.
2110 3000 2192 3051 Σ..
2224 2998 2275 3051 τί
2303 3000 2482 3051 τίμιον
2510 3008 2614 3051 etc.
2654 2946 2784 3051 iis.
2824 3026 2827 3047 ε

2110 3000 2192 3071 Σ.,
2215 2997 2275 3071 et
2296 2997 2482 3071 etptov
2510 3008 2619 3071 etc.
2654 2997 2803 3071 Mss.
2824 2997 3043 3071 quidam
3068 3007 3124 3056 et
3152 2998 3400 3061 Drusius.

272 3350 378 3407 bid.
412 3349 639 3407 Coisliu.
690 3349 759 3405 ad
782 3346 971 3405 vocem
997 3348 1264 3420 κρίματα,
1295 3349 1350 3403 in
1379 3346 1627 3419 margine
1661 3358 1759 3417 po-
1865 3346 2260 3407 Theodoretus.

499 3671 902 3729 ΣΥΜΜΑΧΟΣ.

244 3836 338 3998 ξίὴ
363 3926 651 3998 φιλονείκει
678 3926 1024 3999 κακούργοις.

242 4226 301 4280 2.
327 4225 449 4279 Ὅτι
487 4226 618 4279 ὡσεὶ
652 4225 858 4298 χλωρά.

243 4318 298 4373 5.
334 4318 437 4372 Καὶ
465 4320 753 4391 ποιμαίνου
791 4316 1073 4391 διηνεκῶς.

244 4480 301 4535 5.
342 4480 700 4534 Ἐπικύλισον.

241 4574 298 4629 7.
346 4574 613 4647 Ἡούχαξε
633 4574 710 4647 τῷ
730 4574 919 4647 Κυρίῳ
970 4575 1066 4629 καὶ
1103 4574 1215 4629 ἱκέ-

170 4661 297 4698 τευε
325 4644 489 4717 αὐτῷ.

457 4754 903 4814 SYMMACHUS.

245 4880 301 4934 1.

236 5044 317 5100 Ne
351 5045 611 5100 altercare
640 5059 769 5099 cum
799 5042 1082 5099 maleficis.

240 5273 296 5326 2.
329 5272 597 5339 Quoniam
630 5272 774 5327 sicut
806 5271 1061 5326 virentia.

240 5437 294 5491 5.
324 5436 391 5491 Ει
421 5452 641 5506 pascere
674 5437 918 5493 assidue.

242 5599 299 5653 5.
332 5597 587 5654 Devolve.

167 5759 222 5817 ei
242 5690 297 5745 7.
328 5688 558 5757 Quiesce
595 5689 849 5760 Domino,
877 5694 934 5745 et
970 5688 1217 5759 supplice

1446 3548 1803 3613 PSALMUS
1860 3551 2051 3611 XXX
2063 3549 2162 3611 Vl.

1786 3672 1864 3726 0'.

1368 3836 1421 3891 1.
1462 3835 1553 3907 Τῷ
1575 3836 1754 3890 Δαυίδ.
1787 3837 2010 3899 Ἄλλοι,
2038 3837 2131 3889 τοῦ
2155 3837 2339 3890 Δαυίδ.

1362 3928 1453 3999 Μὴ
1482 3926 1795 3999 παραζήλου
1810 3998 1815 3999 ί
1830 3996 1839 3999 _
1855 3928 1912 3979 ὲν
1970 3944 2105 3998 πονη
2117 3928 2339 3998 ρευομέ-

1290 4016 1422 4062 νοις.
1442 3996 1527 4066 Ἐ’,
1563 4000 1636 4068 μὴ
1669 3996 1913 4069 ἐρεθίζου
1942 3999 1998 4050 ἐν
2035 3996 2333 4069 πονηρευο-

1294 4070 1499 4138 μένοις.
1536 4071 1627 4135 (οἷ’,
1664 4068 1739 4139 μὴ
1782 4069 2072 4137 φιλονείκει
2098 4068 2335 4139 κακούρ-

1289 4155 1427 4207 γοις.

1359 4230 1415 4284 2.
1444 4231 1566 4283 Ὀτι
1591 4229 1723 4283 ὡσεὶ
1750 4229 1960 4300 χόρτος.

1359 4321 1413 4379 5.
1439 4321 1549 4374 Καὶ
1570 4320 1921 4391 ποιμανθήσῃ
1947 4320 2041 4374 ἐπὶ
2066 4318 2145 4391 τῷ
2170 4316 2333 4374 πλού-

1291 4408 1367 4462 τῳ
1392 4392 1581 4462 αὐτῆς.

1363 4481 1414 4537 5.
1456 4480 1847 4550 Ἀποκάλυψον.

1358 4570 1413 4644 7.
1461 4571 1793 4644 ’Υποτᾲγηθι
1845 4570 1923 4642 τῷ
1976 4574 2183 4644 Κυρίῳ,
2244 4574 2336 4626 καὶ

1291 4642 1566 4696 ἱκέτευσον
1594 4642 1773 4696 αὐτόν.

1480 4754 1624 4811 LXX
1662 4754 1732 4809 ΙΝ
1738 4754 2165 4810 TERPRETES.

1446 4875 1555 4945 Ipsi
1586 4872 1783 4930 David.
1819 4873 1951 4937 Alii,
2000 4874 2173 4943 ipsius
2224 4871 2334 4927 Da-

1328 4963 1342 4999 l
1386 4984 1402 5000 .

1292 4962 1402 5001 via.

1364 5036 1484 5093 Noli
1520 5034 1762 5092 aemulari
1795 5034 1850 5088 in
1886 5033 2330 5103 malignantibus.

1293 5105 1359 5171 V,
1389 5124 1456 5163 ne
1490 5108 1717 5161 incitare
1769 5107 1822 5159 in
1888 5105 2331 5174 malignantibus.

1293 5176 1383 5244 Vl,
1409 5194 1477 5233 ne
1505 5178 1769 5231 altercare
1805 5191 1929 5230 cum
1964 5174 2245 5229 maleﬁcis.

1361 5270 1415 5325 2.
1443 5269 1713 5335 Quoniam
1739 5278 2016 5338 tamquam
2050 5265 2258 5323 fenum.

1362 5430 1417 5484 5.
1446 5427 1512 5482 Ει
1552 5428 1795 5499 pasceris
1830 5429 1884 5482 in
1914 5426 2119 5482 divitiis
2158 5427 2298 5497 ejus.

1363 5592 1416 5647 5.
1448 5589 1666 5647 Revela.

1365 5683 1417 5739 7.
1445 5684 1707 5741 Subditus
1729 5689 1850 5740 esto
1878 5679 2130 5750 Domino,
2159 5688 2213 5736 et
2232 5693 2330 5737 ora

1243 5770 1393 5813 eum.

1929 3067 2061 3141 l_l_)id.
2096 3070 2180 3134 Σ.,
2212 3070 2316 3121 υἱοὶ
2344 3067 2400 3123 δὲ
2429 3078 2534 3141 etc.
2569 3069 2659 3141 Sic
2680 3067 3066 3141 quidain_mss.
3097 3079 3153 3126 et
3181 3072 3435 3129 Drusius;

1938 3137 1999 3193 V.
2029 3140 2081 3193 9.
2108 3141 2322 3203 Ποτιεῖς
2342 3138 2558 3204 αὐτούς.
2589 3139 2679 3195 Sic
2699 3137 2892 3197 omnes
2915 3139 3113 3197 habent
3135 3158 3201 3198 ex
3222 3145 3437 3201 Drusio.

1930 3206 1997 3283 Χ.
2037 3210 2124 3283 11.
2160 3211 2242 3283 Σ.,
2278 3212 2372 3283 καὶ
2396 3212 2494 3283 τὴν
2522 3209 2717 3283 ἐλεημο
2745 3219 2851 3266 etc.
2886 3211 3136 3283 Drusius.

1930 3277 1999 3332 ν.
2041 3280 2131 3334 15.
2176 3282 2260 3345 Σ.,
2292 3282 2425 3334 ὅπου
2450 3277 2764 3335 ’πίπτουσιν
2803 3291 2908 3337 etc.
2958 3280 3050 3339 Sic
3078 3282 3187 3342 duo
3218 3298 3351 3341 mss.
3385 3291 3443 3341 et

2721 3670 3119 3730 ΘΕΟΔΟΤΙΩΝ.

2440 3926 2445 3933 ’
2603 3923 2983 4000 παρερεθίςου.

2473 4227 2533 4283 2.

2476 4317 2532 4373 5.

2477 4483 2533 4538 5.

2724 4755 2815 4811 ΤΗ
2825 4754 3134 4815 EODOTIO.

2473 5031 2551 5090 Ne
2581 5031 2816 5089 irritare.

2474 5261 2531 5321 2.

2474 5426 2529 5480 5.

2457 5585 2532 5642 ’5.

2471 5676 2527 5732 7.
