3870 6216
165 307 263 363 7-H

485 425 887 481 ΣΥΜΜΔΧΟΣ.

235 562 323 636 12.
366 561 565 636 Ἐννοεζ
690 564 893 635 ἀσεϐὴς
944 566 1072 636 περὶ
1108 566 1203 619 τοῦ

158 627 390 704 ᾆτκαεου,
429 634 519 686 καὶ
543 633 725 704 βρύκει
754 627 870 689 κατ’
895 627 1057 689 αὐτοῦ
1080 636 1206 699 τοὺς

159 700 380 765 ὀδόντας
412 700 597 757 αὐτοῦ.

209 793 329 875 ,15Σ-
356 795 465 846 Καὶ
515 796 544 847 6
598 793 801 865 Κύριος
848 795 1205 865 καταγελάσει

160 878 353 915 αυτου.

234 954 324 1027 17.
355 955 464 1007 Kal
498 955 954 1027 ἀντιλαμϐάνεται
990 958 1098 1012 τῶν
1128 959 1207 1012 δι-

158 1024 353 1077 καίων.

234 1112 605 1189 18.“Προοῖᾷεν
640 1116 669 1169 6
710 1116 911 1189 Κύριος
950 1117 1048 1182 τὰς
1074 1118 1208 1189 ἠμέ-

162 1199 263 1253 ρας
292 1183 691 1256 τῶνήάμώμων.

229 1275 322 1333 20.
359 1277 479 1332 Ὅτι
508 1279 559 1331 οἱ
589 1278 901 1350 ἁμαρτωλοὶ
946 1279 1207 1333 ἀπολοῦν-

156 1363 270 1401 ται.

230 1437 343 1489 Kal
362 1439 409 1490 οἱ
438 1437 621 1508 ἐχθροὶ
649 1437 741 1491 τοῦ
766 1438 993 1509 Κυρίου.

229 1525 321 1580 22.
352 1527 413 1581 Οἱ
442 1526 792 1597 εὐλογημένοι
818 1528 909 1581 ὑπ’
944 1528 1129 1583 αὐτοῦ.

229 1617 624 1689 Καταρώμενοι
658 1618 749 1672 ὑπ’
780 1620 963 1673 αὑτοῦ.

227 1708 317 1761 25.
354 1709 464 1762 Kal
491 1711 524 1779 ἡ
544 1709 662 1773 ὁδὸς
690 1709 852 1763 αὑτοῦ
881 1710 1201 1765 εὑδοκεῖται.

228 1798 325 1854 25.
344 1800 479 1863 Νέος
496 1801 779 1872 ἐγενόμην,
808 1802 941 1856 ἀλλὰ
962 1804 1053 1856 καὶ
1083 1804 1208 1873 ἐγή-

155 1887 327 1942 ρασα.

229 1959 339 2014 Kal
367 1961 465 2014 οὐκ
495 1956 632 2014 εἶδον
680 1961 882 2015 δίκαιον
908 1962 1204 2031 ἐγκαταλε-

154 2029 473 2111 λειμμένον,
527 2031 651 2085 οὔτε
688 2032 746 2085 τὸ
773 2029 992 2105 σπέρμα
1039 2032 1203 2087 αὑτοῦ

156 2098 360 2172 ζητοῦν
389 2101 605 2172 ἄρτους.

231 2189 325 2245 26.

230 2352 322 2406 27.
344 2352 455 2407 Kal
476 2352 775 2425 ἠρεμήσεις
794 2354 874 2416 εἰς
892 2352 1061 2408 αἰῶνα
1082 2352 1205 2406 αἰῶ-

153 2437 272 2486 νος.

171 2544 183 2555 -
230 2514 324 2569 28.

233 2676 327 2734 52.

447 2839 894 2897 SYMMACHUS.

236 2934 327 2988 12.
378 2934 899 3005 Cogitatimpiusde
950 2935 1112 3004 justo,
1147 2944 1201 2991 et

150 3005 356 3062 stridet
393 3017 587 3061 contra
623 3021 747 3060 eum
783 3007 1037 3062 dentibus
1061 3006 1196 3063 suis.

224 3308 316 3363 15.
346 3307 412 3362 Ει
434 3306 698 3365 Dominus
724 3309 991 3366 deridebit
1021 3325 1167 3367 eum.

227 3467 321 3524 17.
362 3466 430 3523 Ει
460 3469 689 3540 suscipit
706 3470 919 3541 justos.‘

230 3630 320 3687 18.
349 3630 630 3687 Praascivit
658 3631 920 3689 Dominus
949 3633 1064 3689 dies
1098 3633 1201 3689 im-

144 3703 577 3758 maculatorum.

225 3862 319 3919 20.
354 3863 492 3928 Quia
526 3872 840 3934 peccatores
878 3863 1155 3934 peribunt.

227 4021 297 4079 Et
327 4022 533 4079 inimici
564 4024 799 4080 Domini.
832 4068 835 4072 .

206 4114 317 4185 ζ22.
347 4116 618 4174 Benedicti
652 4119 721 4174 ab
751 4133 836 4175 eo.

225 4276 498 4335 Maledicti
533 4281 603 4337 ab
626 4296 711 4338 eo.

223 4439 318 4497 25.
366 4440 432 4496 Ει
459 4443 546 4497 via
584 4443 702 4514 ejus
736 4452 955 4514 accepta
984 4454 1086 4500 est.

220 4603 309 4660 25.
335 4602 560 4663 Iuvenis
583 4606 683 4674 fui,
709 4608 802 4663 sed
826 4609 989 4664 etiam
1011 4610 1189 4667 senui.

218 4763 287 4819 Et
312 4781 421 4821 non
466 4767 575 4821 vidi
601 4772 811 4837 justum
846 4769 1188 4837 derelictum,

142 4849 329 4905 neque
365 4851 549 4893 semen
573 4839 692 4907 ejus
713 4855 965 4910 quaerens
990 4855 1180 4910 panes.

215 5136 309 5197 26.

134 5365 310 5495 ωὲτ.
340 5365 408 5424 Et
436 5368 687 5441 quiesces
714 5371 770 5428 in
789 5372 1049 5431 saeculum
1078 5390 1182 5432 sae-

210 5525 305 5582 28.

201 5683 294 5741 52.

1482 306 1806 364 PSALMUS
1836 305 2077 362 XXXVI.

1846 428 1922 479 θ’.

1350 564 1451 635 12.
1472 564 1927 635 Παρατηρήσεταιί
1951 566 1978 617 6
2002 564 2320 634 ἁμαρτωλὸς

1276 632 1366 686 τὸν
1404 632 1628 696 δίκαιον,
1670 632 1763 686 άξαϊ
1808 634 1993 703 βρύξει
2043 632 2133 687 ὶέπἱ
2160 636 2320 687 αὑτὸν

1276 704 1401 765 τοὺς
1432 703 1647 766 ὀδόντας
1675 704 1865 756 αὐτοῦ.

1348 795 1434 848 15.
1482 794 1541 846 Ὁ
1596 794 1652 847 δὲ
1706 794 1908 864 Κύριος
1972 794 2321 864 ὲκγελάσεται

1278 864 1457 917 αὐτόν.

1348 956 1374 1009 1
1386 955 1437 1007 7.
1454 953 1833 1025 ’Υποστηρίζει
1850 955 1906 1007 δὲ
1920 954 2045 1019 τοὺς
2061 955 2318 1019 δικαίους.

1349 1115 1435 1169 18.
1462 1114 1721 1186 Γτνώσκει
1776 1115 1980 1186 Κύριος
2026 1113 2127 1177 τὰς
2162 1116 2321 1180 ὁδοὺς

1278 1185 1384 1239 τῶν
1412 1184 1675 1255 ὰμώμων.

1347 1281 1439 1336 20.
1476 1281 1596 1335 Ὅτι
1624 1281 1671 1333 οἱ
1707 1280 2016 1352 ἁμαρτωλοὶ
2055 1280 2320 1336 ἀπολοῦν-

1277 1367 1387 1406 ται.

1349 1444 1412 1494 Οἱ
1444 1441 1499 1494 δὲ
1537 1440 1720 1512 ἐχθροὶ
1746 1440 1839 1494 τοῦ
1861 1440 2087 1511 Κυρίου.

1348 1534 1439 1588 22.
1474 1534 1538 1588 Οἱ
1572 1533 1918 1600 εὐλογοῦντες
1942 1534 2123 1590 αὐτόν.

1346 1624 1411 1677 Οἱ
1435 1623 1491 1676 δὲ
1517 1622 1890 1694 καταρώμενοι
1921 1624 2103 1676 αὐτόν.

1345 1714 1432 1768 25.
1475 1714 1586 1767 Kal
1613 1714 1710 1784 τὴν
1739 1714 1857 1767 ὁδὸν
1889 1713 2053 1766 αὑτοῦ
2083 1713 2316 1785 Θελήσει.

1344 1804 1434 1877 25.
1469 1802 1753 1874 Νεώτερος
1785 1803 2051 1875 ἐγενόμην
2094 1805 2185 1858 καὶ
2212 1806 2320 1877 γὰρ

1276 1874 1543 1945 ὲγήρασα.

1346 1965 1455 2017 Καὶ
1479 1965 1578 2017 οὐκ
1606 1959 1744 2017 εἶδον
1777 1965 1981 2017 δίκαιον
2028 1965 2321 2033 ἐγκαταλε-

1277 2034 1588 2115 ἒειμμένον,
1650 2033 1774 2087 οὔτε
1800 2034 1866 2087 ¹τὸ
1900 2033 2119 2105 σπέρμα
2156 2035 2319 2087 αὑτοῦ

1275 2104 1470 2174 ζητοῦν
1499 2105 1716 2175 ἄρτους.

1346 2194 1433 2266 26.
1471 2195 1634 2265 Ὅλην
1662 2196 1760 2265 τὴν
1809 2194 2019 2266 ἡμέραν
2056 2196 2196 2248 ἐλεεῖ
2228 2195 2320 2248 καὶ

1272 2265 1522 2329 δανείζει.

1316 2355 1433 2441 "27.
1462 2355 1572 2409 Kal
1621 2356 1961 2426 κατασκήνω
2019 2356 2098 2418 εἰς
2150 2354 2320 2407 αἰῶνα

1276 2442 1487 2487 αιωνος.

1344 2517 1433 2571 28.
1470 2516 1609 2581 Τοὺς
1635 2518 1814 2581 ὁσίους
1851 2517 2036 2572 αὑτοῦ.
2070 2519 2316 2585 Ἄλλος,

1274 2589 1400 2651 τοὺς
1431 2588 1628 2656 ἁγνοὺς
1653 2588 1839 2641 αὐτοῦ.

1345 2679 1432 2802 ξ2.
1461 2680 1748 2732 Κατανοεί.
1786 2680 2029 2745 Ἄλλος,
2060 2694 2314 2750 περισκο-

1275 2766 1341 2801 πε
1371 2788 1384 2801 .

1442 2840 1585 2894 LXX
1622 2838 2121 2899 INTERPRETES.

1346 2934 1433 2987 12.
1463 2934 1785 2989 Observabit
1806 2944 2059 3004 peccator
2077 2934 2312 3002 justum,

1277 3004 1617 3085 et.stridebit
1669 3018 1832 3076 super
1882 3021 2009 3061 eum
2063 3004 2319 3059 dentibus

1274 3089 1411 3130 SUIS.

1344 3306 1433 3361 15.
1499 3304 1767 3362 Dominus
1838 3314 2021 3362 autem
2065 3306 2319 3362 irridebit

1273 3391 1419 3431 eum.

1345 3466 1432 3521 17.
1461 3466 1761 3522 Conﬁrmat
1785 3475 1965 3522 autem
1992 3467 2193 3537 justos.

1342 3629 1428 3683 18.
1461 3629 1623 3684 Novit
1652 3628 1916 3685 Dominus
1955 3630 2072 3686 dies
2103 3630 2302 3685 imma-

1273 3701 1598 3755 culatorum.

1341 3862 1430 3917 20.
1465 3860 1604 3929 Quia
1627 3870 1945 3933 peccatores
1976 3862 2255 3933 peribunt.

1343 4026 1555 4080 Inimici
1582 4041 1710 4081 vero
1738 4025 1974 4080 Domini.

1342 4116 1433 4171 22.
1458 4116 1844 4172 Benedicentes
1864 4116 1937 4171 ei.

1341 4275 1724 4335 Maledicentes
1745 4287 1927 4333 autem
1960 4280 2034 4334 ei.

1338 4440 1427 4495 25.
1452 4439 1514 4493 Et
1540 4439 1684 4494 viam
1713 4442 1833 4510 ejus
1858 4441 2021 4496 volet.

1336 4601 1426 4655 25.
1453 4599 1647 4655 Junior
1674 4599 1771 4667 fui,
1800 4600 1998 4655 etenim
2021 4599 2199 4655 senui.

1319 4764 1402 4823 .‘Et
1424 4781 1534 4821 non
1558 4768 1669 4822 vidi
1703 4766 1912 4837 justum
1960 4767 2302 4832 derelictum,

1266 4848 1441 4906 neque
1475 4852 1661 4893 semen
1684 4838 1803 4907 ejus
1826 4852 2075 4908 quaerens
2111 4853 2299 4908 panes.

1465 5136 1598 5193 Tota
1628 5138 1716 5193 die
1746 5137 2038 5195 miseretur
2066 5147 2119 5193 et
2147 5153 2300 5193 com-

1391 5222 1420 5261 a
1453 5248 1466 5261 .

1261 5222 1466 5261 mouat.

1331 5369 1420 5492 E7.
1449 5367 1514 5424 Et
1544 5369 1792 5424 inhabita
1816 5370 1871 5424 in
1906 5370 2165 5426 sazculum
2198 5387 2300 5427 εω-

1352 5457 1387 5492 Ι.

1259 5455 1387 5495 CIIII.

1328 5530 1420 5583 28.
1459 5528 1688 5585 Sanetos
1718 5546 1870 5588 suos.
1902 5531 2076 5599 Alius,
2118 5542 2298 5587 castos

1258 5615 1408 5655 SUOS.

1466 5697 1804 5756 Considerat.
1854 5698 2028 5767 Alius,
2062 5699 2297 5757 circum-

1342 5782 1370 5820 c
1420 5806 1434 5822 .

1257 5781 1434 5822 SDICII.

2471 563 2558 617 12.

2466 949 2554 1003 17.

2461 1105 2549 1161 18.

2466 1265 2555 1322 20.

2463 1520 2554 1577 22.

2466 2182 2556 2238 26.

2461 2345 2555 2400 27.

2463 2507 2553 2561 28.

2465 2667 2551 2723 52.

2468 2925 2555 2981 12.

2460 3299 2547 3354 15.

2463 3462 2550 3519 17.

2460 3626 2551 3680 18.

2459 3857 2547 3911 20.

2450 4589 2542 4645 25.

2442 5358 2530 5413 27.

2440 5692 2535 5751 52ω

2714 422 3105 480 ΘΕΟΔΟΤΙΩΝ.

2693 2826 3104 2884 THEODOTIO.
3127 2830 3134 2845 ‘

3325 291 3433 351 74-2
