3870 6216
93 320 206 381 ’755

418 441 822 495 ΣΥΜΜΑΧΟΣ.

168 581 223 634 2.
255 577 440 642 Εἶπον,
467 579 688 643 Φυλάξω
712 577 992 648 131966013;
1021 595 1142 648 μου,

95 652 177 721 μὴ
213 654 477 722 ἁμαρτεῖν
508 650 592 702 διὰ
614 651 713 718 τῆς
741 647 990 722 γλώσσης
1019 647 1142 722 μου,

90 717 344 786 Φυλάξω’
370 721 429 773 τὸ
471 721 646 788 στόμα
674 717 804 788 μου
851 718 1021 788 φίμῳ,
1066 717 1144 769 ἔτι

92 791 253 855 ὄντος
279 789 508 854 ἀσεϐοῦς
539 789 599 853 ἐξ
624 788 871 851 ἐναντίας
903 805 1025 858 μου.

169 953 227 1006 5.
267 951 494 1014 Ἀλαλος
515 949 785 1020 ἐγενόμην
808 951 956 1020 σιγῇ,
987 949 1147 1001 ἐσιω-

95 1023 284 1093 πήοην
321 1022 394 1092 μὴ
423 1021 500 1074 ὢν
526 1023 582 1073 ἐν
609 1019 819 1090 ἀγαθῷ,
837 1019 931 1073 καὶ
955 1021 1147 1073 ἀνετα-

97 1094 329 1166 ράχοην.

170 1183 223 1235 4.
269 1178 668 1251 Ἐξεοερμάνθη
719 1177 988 1251 ὴᾉαρδία
1046 1193 1146 1246 μου

93 1253 252 1314 εντός
276 1270 375 1319 μου
397 1268 411 1282 ·
442 1248 503 1303 ἐν
520 1249 597 1320 τῷ
626 1248 910 1303 ἀναπολεῖν
948 1264 1014 1317 με
1037 1251 1150 1300 ἑνε-

95 1324 339 1393 καιόμην
369 1322 521 1392 πυρί.

169 1411 224 1463 6.
271 1409 401 1462 Ἰδοὺ
418 1407 494 1469 ὼς
519 1405 796 1476 σπιθαμὰς
821 1404 1028 1467 ἔδωκας
1048 1404 1148 1467 τὰς

92 1481 314 1550 ἡμέρας
344 1494 465 1550 μου·

167 1570 282 1622 Καὶ
313 1571 346 1639 ἡ
373 1568 562 1639 βίωσίς
594 1584 696 1638 μου
730 1568 806 1631 ὡς
836 1565 988 1619 οὐδὲν
1013 1566 1152 1620 ἅντι-

94 1640 239 1711 κρύς
269 1655 384 1692 σου.

95 1803 123 1856 ὲ
168 1734 346 1818 Μόνον
377 1731 485 1803 γὰρ
509 1731 680 1802 ἀτμὸς
725 1731 835 1792 πᾶς
864 1726 1149 1800 ἅνθρωπος

131 1820 298 1856 arma.

131 1820 298 1866 στως.

165 1895 480 1966 Διάψαλμα.

169 2055 227 2111 7.

167 2159 234 2213 8.
255 2145 370 2202 Νῦν
396 2142 492 2200 οὖν
519 2145 572 2198 τί
607 2145 910 2214 προσδοκῶ,
941 2145 1148 2198 Δέσπο-

90 2236 197 2279 τα;
225 2220 258 2289 ή
289 2217 534 2288 ἀναμονή
570 2233 672 2284 μου
707 2217 786 2279 εἰς
814 2215 872 2269 σέ
904 2218 1072 2268 ἐστιν.

165 2379 224 2431 9.
271 2378 405 2431 Ἀπὸ
431 2377 618 2431 πασῶν
642 2377 749 2429 τῶν
775 2375 1008 2429 ἀθεσιῶν
1045 2394 1146 2446 μου

91 2449 278 2513 ἐξελοῦ
308 2465 395 2518 με,
431 2446 791 2501 ἐπονείδιστον
828 2447 1021 2516 ἄφρονι
1075 2446 1150 2517 μὴ

90 2520 264 2592 τάξῃς
288 2536 376 2590 με.

166 2611 256 2664 10.
297 2611 525 2675 Ἀλαλος
551 2611 849 2681 ἐγενόμην,
870 2610 980 2681 οὐκγ
1000 2606 1150 2662 ἀνοί-

93 2679 171 2745 ξω
197 2682 259 2734 τὸ
288 2683 459 2752 στόμα
481 2699 583 2752 μου
609 2699 622 2712 ·
649 2682 711 2734 σὺ
724 2679 843 2753 γὰρ
861 2680 1144 2749 ἐποίησας.

408 2771 852 2829 SYMMACHUS.

161 2868 224 2924 2.
259 2868 403 2936 Dixi,
437 2870 756 2925 Custodiam
803 2871 919 2925 vias
966 2885 1141 2934 meas,

93 2940 163 2992 ad
198 2943 700 3010 nonipeccandum
749 2956 846 3010 per
900 2941 1146 3008 linguam

91 3009 630 3066 meam.Custodiam
659 3026 721 3066 os
743 3009 923 3066 meum
967 3011 1143 3078 freno,

92 3097 222 3135 cum
253 3082 434 3162 adhuc
457 3092 602 3138 esset
629 3081 829 3151 impius
860 3097 926 3136 ex
951 3081 1148 3136 adver-

93 3167 158 3204 50
190 3167 322 3206 IIICI.

163 3453 225 3526 5.
270 3452 401 3507 Sine
443 3453 660 3524 loquela
695 3451 876 3526 factus
909 3465 1030 3505 sum
1075 3452 1149 3526 s_i-

93 3523 306 3576 lentio:
367 3522 533 3578 tacui‘
585 3539 696 3578 non
763 3522 1032 3576 exsistens
1094 3523 1149 3575 in

93 3597 265 3658 bono,
293 3602 349 3648 et
377 3595 629 3649 turbatus
659 3601 804 3647 sum.

166 3684 222 3738 4.
258 3684 490 3740 Incaluit
517 3701 612 3740 cor
643 3698 825 3738 meum
857 3683 1003 3736 intra
1035 3696 1146 3746 me,

95 3769 222 3834 cum
255 3756 440 3811 animo
465 3770 761 3817 versarem,
792 3753 1153 3808 comburebar

97 3840 246 3894 Igne.

168 4059 222 4112 6.
270 4057 413 4113 Ecce
462 4057 621 4128 quasi
669 4056 881 4126 palmos
946 4053 1149 4112 dedisti

96 4128 217 4183 dies
254 4143 429 4183 meos.

170 4290 238 4344 Et
265 4291 374 4344 vita
405 4305 524 4346 mea
561 4289 717 4360 quasi
756 4289 890 4345 nihil
933 4289 988 4344 in
1021 4304 1150 4345 con-

99 4372 288 4431 spectu
319 4371 432 4416 tuo.

171 4522 360 4579 Solum
381 4525 525 4580 enim
554 4539 722 4594 vapor
759 4521 938 4579 omnis
982 4521 1151 4578 homo

95 4608 272 4651 Stans.

170 4754 500 4825 Diapsalma.

170 4917 224 4972 7.

170 5078 225 5136 8.
245 5149 258 5160 θ
280 5078 442 5160 Ntrnc
483 5076 649 5160 igitur
694 5073 827 5148 quid
853 5085 1134 5160 exspecto,

101 5147 380 5206 Domine?
409 5147 673 5221 patientia
701 5147 826 5206 inea
856 5150 915 5203 in
947 5157 1003 5204 te
1031 5157 1136 5203 est.

168 5379 224 5436 9.
263 5380 348 5453 Ab
388 5381 644 5439 omnibus
681 5381 1136 5453 transgressioni-

99 5449 202 5532 bus
240 5451 376 5532 meis
399 5466 530 5506 erue
556 5468 664 5517 me,
700 5449 1140 5522 exprobrabilem

99 5530 375 5591 insipienti
405 5537 472 5578 ne
501 5531 712 5578 statuas
743 5539 850 5578 me.

168 5752 256 5808 10.
279 5751 409 5808 Sine
426 5753 642 5825 loquela
671 5754 847 5811 Iactus
864 5771 1008 5818 sum,
1028 5770 1139 5811 nou

95 5825 334 5894 aperiri-:1
360 5839 420 5877 οε
446 5840 626 5882 meum
657 5843 670 5880 :
692 5834 750 5881 tu
767 5827 914 5882 enim
938 5826 1134 5882 fecisti.

1404 321 1731 381 PSALMUS
1761 321 2054 380 XXXVIII.

1719 441 1798 496 θ’.

1283 576 1340 656 :2.
1384 573 1547 656 Εἷπα,
1578 575 2108 656 Φυλάξω-τὰςμόδούς
2139 593 2264 648 μου,

1221 647 1311 718 που
1341 649 1421 718 μὴ
1454 648 1785 718 ἁμαρτάνειν
1811 650 1867 700 ὲν
1889 647 2108 718 γλώσσῃ
2139 647 2262 718 μου.

1232 716 1464 798 ςΕθέμην
1491 716 1826 798 adio-“conati
1864 734 1964 798 μου
1998 716 2265 798 φυλακῂν,

1219 785 1277 838 ἐν
1308 785 1386 856 τῷ
1427 785 1708 857 συσὲῆναι
1769 785 1875 839 τὸν
1941 785 2266 857 ἁμαρτωλὸν

1220 855 1457 908 ἐναντίον
1484 875 1605 927 μου.

1387 946 1718 1018 Ἐκωφὼθην
1745 947 1858 1018 [καὶ.
1896 945 2268 1018 ἐταπεινώθην

1222 1017 1312 1069 καὶ
1337 1017 1568 1086 ὲσίγησα
1591 1017 1648 1083 ἐξ
1682 1017 1923 1086 ἀγαθῶν,
1952 1017 2048 1070 καὶ
2078 1017 2140 1069 τὸ
2171 1017 2267 1070 ἄλ·-

1221 1087 1379 1157 γημὰ
1417 1103 1517 1156 μου
1541 1086 1911 1156 ἀνεκαινίσθη.

1292 1179 1345 1232 4.
1395 1178 1730 1250 Ἐθερμόινθη
1766 1178 2020 1250 ἤκοιρδία
2057 1196 2157 1248 μου
2183 1181 2270 1232 ὲν-

1221 1248 1313 1311 τός
1342 1266 1472 1318 μου,
1510 1248 1605 1302 καὶ
1631 1251 1688 1301 ὲν
1718 1248 1783 1318 τῇ
1818 1248 2011 1318 μελετῇ
2041 1265 2143 1318 μου
2179 1251 2270 1302 ὲκ-

1223 1317 1554 1389 καυθήσεται
1578 1319 1709 1390 πῦρ.

1293 1409 1346 1463 6.
1394 1408 1524 1462 Ἰδοὺ
1562 1407 1794 1472 παλαιὰς
1849 1409 1971 1480 εθου
2003 1408 2101 1480 τὰς
2131 1409 2268 1480 ὴμέ-

1227 1495 1326 1547 ρας
1356 1495 1475 1549 μου.
1515 1480 1760 1546 Ἄλλως,
1794 1479 2095 1544 παλαιστὰς
2122 1479 2265 1534 ἔθου.

1295 1569 1405 1654 ξίαἰι
1421 1569 1714 1632 ὑπόστασις
1738 1586 1839 1640 μου
1859 1569 1934 1633 ὡς
1951 1569 2109 1623 οὐθὲν
2140 1570 2271 1625 ὲνώι

1223 1654 1346 1691 πιον
1371 1656 1485 1692 σου.

1293 1729 1439 1804 Πλὴν
1471 1731 1540 1784 τὰ
1598 1731 1886 1804 σύμπαντα
1951 1732 2269 1804 ματαιότης,

1223 1801 1331 1862 πᾶς
1350 1800 1446 1854 ἄνθ
1454 1819 1636 1871 ρωπος
1671 1800 1801 1865 ζῶν.

1221 1891 1599 2024 τέξοέἀψαλμα.
1631 1892 1705 1951 E'.
1737 1892 2050 1956 διαπαντός.
2079 1895 2172 1962 ς’,
2191 1895 2271 1959 εἰς

1293 2052 1343 2105 7.
1376 2052 1493 2105 Τίνι
1520 2053 1738 2116 συνάξει
1767 2055 1928 2108 αὐτὰ.

1290 2142 1343 2219 8_.
1374 2143 1603 2219 Κῆὶ-νῦν
1633 2145 1797 2219 τίς-ζὴ
1816 2146 2081 2219 Δὑπομονὴ
2128 2163 2268 2219 μους

1220 2214 1341 2282 ουχὶΙ
1374 2215 1403 2266 ὁ
1452 2213 1693 2287 Κύριος;
1728 2213 1838 2268 Κὰὶ
1891 2213 2270 2287 ήῦπόσίὲασίς

1225 2300 1325 2352 μου
1350 2283 1498 2354 παρὰ
1535 2283 1615 2338 σοι
1640 2287 1809 2339 ἐστιν.

1291 2378 1344 2432 9.
1375 2379 1525 2454 ’Ἀπὸ
1546 2379 1734 2454 statch
1761 2381 1872 2454 τῶν
1897 2383 2138 2454 ἀνομιῶν
2169 2401 2268 2454 μου

1224 2446 1385 2523 pinati
1424 2466 1512 2523 με,
1562 2450 1773 2523 *ὄνειδος
1825 2446 2020 2523 ἄφρονὶ
2059 2446 2267 2518 ἐδωίιάς

1225 2535 1311 2589 με.
1340 2520 1416 2585 Ε’,
1442 2518 1643 2584 ὄνειδος
1668 2518 1963 2594 ἄφρονιμὴ
1995 2523 2101 2594 δῷς
2142 2541 2230 2595 με.

1295 2610 1398 2686 I0._
1423 2612 1786 2686 ’Exwgodro'qv,
1815 2615 1908 2686 κᾳὶ
1945 2616 2044 2668 οὐκ
2082 2615 2268 2686 ἧνοιξα

1221 2682 1281 2734 τὸ
1308 2682 1481 2752 στόμα
1501 2701 1624 2754 μου,
1642 2682 1723 2736 δτι
1744 2685 1806 2737 σὺ
1825 2682 2158 2756 εἶόποιήσάς
2183 2703 2271 2756 με.

1383 2773 1526 2827 LXX
1572 2775 2080 2832 INTERPRETES.

1287 2871 1344 2929 2.
1369 2871 1530 2926 Dixi:
1563 2875 1888 2930 Custodiam
1939 2875 2056 2931 vias
2087 2891 2264 2942 meas,

1219 2950 1279 3016 ut
1313 2958 1420 3016 non
1454 2944 1768 3016 delinquam
1798 2947 1853 3000 in
1895 2946 2082 3016 lingua
2119 2962 2262 3001 mea.

1215 3010 1385 3067 Posui
1433 3014 1514 3068 ori
1562 3010 1684 3069 meo
1737 3010 2080 3081 custodiam,
2137 3033 2265 3072 cum

1218 3085 1541 3139 consisteret
1562 3095 1816 3155 peccator
1839 3086 2131 3142 adversum
2153 3102 2263 3141 me.

1291 3455 1353 3528 '5.
1375 3457 1656 3523 Obmutui,
1687 3467 1742 3512 et
1767 3459 2092 3515 humiliatus
2117 3475 2262 3528 sum,

1218 3535 1271 3581 et
1295 3527 1419 3581 silui
1450 3543 1480 3582 a
1509 3529 1688 3592 bonis,
1714 3539 1768 3583 et
1796 3530 1953 3584 dolor
1983 3545 2140 3586 meus
2175 3527 2266 3588 re?-

1218 3609 1454 3652 llOVﬂlllS
1492 3610 1595 3654 est.

1288 3693 1344 3747 4.
1398 3693 1686 3751 Concaluit
1734 3712 1829 3751 cor
1883 3713 2068 3752 meum
2123 3698 2267 3754 intra

1220 3779 1327 3828 me,
1357 3775 1412 3819 et
1446 3767 1500 3819 in
1550 3768 1904 3823 meditatione
1947 3783 2071 3824 mea
2100 3784 2264 3824 exar-

1220 3835 1403 3890 descet
1431 3836 1594 3908 ignis.

1292 4065 1345 4119 6.
1400 4064 1538 4120 Ecce
1579 4068 1836 4137 antiquos
1882 4068 2120 4137 posuisti
2149 4069 2268 4125 dies

1221 4150 1397 4259 11:908.
1428 4137 1616 4202 Aliter,
1644 4139 2040 4195 mensurabiles
2076 4141 2266 4209 posui-

1221 4222 1248 4259 s
1277 4223 1310 4259 I.

1291 4292 1356 4346 Et
1385 4295 1691 4350 substantia
1715 4309 1834 4350 mea
1864 4303 2150 4369 tamquam
2181 4301 2268 4355 ni—

1219 4363 1389 4417 hilum
1414 4374 1538 4420 ante
1571 4376 1642 4422 te.

1292 4523 1675 4598 Verumtamen
1717 4529 1974 4585 universa
2020 4532 2260 4598 vanitas,

1218 4597 1397 4650 omnis
1424 4597 1589 4651 homo
1615 4599 1826 4655 vivens.

1285 4755 1614 4827 Diapsalma.
1641 4757 1706 4823 V,
1754 4769 2040 4831 perpetuo.
2080 4760 2170 4831 VI,
2204 4741 2264 4818 ni

1215 4824 1403 4882 ﬁnem.

1289 4917 1340 4972 7.
1377 4917 1481 4974 Cui
1509 4920 1863 4992 congregabit
1892 4930 1980 4979 ea.

1283 5079 1339 5135 8.
1358 5079 1618 5156 ΔΙΞι-ιιιιιιίι
1644 5097 1768 5156 (piae
1804 5091 1896 5156 est
1921 5085 2258 5156 exspectatio

1211 5164 1332 5204 mea
1357 5150 1381 5204 ?
1422 5149 1614 5206 Nonne

1209 5221 1414 5276 stantia
1446 5235 1566 5276 mea
1589 5223 1734 5293 apud
1761 5232 1812 5281 te
1839 5234 1942 5282 est.

1281 5382 1336 5459 0.
1405 5383 1490 5438 Ab
1556 5384 1815 5441 omnibus
1874 5387 2254 5459 iniquitatibus

1210 5454 1350 5508 meis
1377 5468 1510 5510 erue
1543 5469 1668 5508 me:
1708 5454 2064 5576 opprobrium
2113 5460 2250 5514 insi-

1210 5523 1377 5576 nienti
1401 5524 1595 5576 dedisti
1627 5539 1733 5576 me.
1827 5566 1844 5576 .
1892 5528 2245 5576 onnmbrium

1209 5524 1377 5598 pienti
1401 5524 1596 5598 dedisti
1627 5524 1750 5598 me.
1777 5524 1844 5592 V,
1892 5528 2247 5598 opprobrium

1211 5595 1376 5648 stulto
1404 5609 1474 5648 ne
1497 5594 1710 5650 dederis
1736 5609 1842 5651 me.

1284 5755 1372 5812 10.
1406 5753 1688 5828 Obmutui,
1719 5766 1770 5812 et
1803 5771 1911 5812 non
1961 5757 2149 5828 aperui
2183 5774 2246 5814 os

1207 5839 1428 5881 meum:
1457 5827 1718 5896 quoniam
1750 5836 1806 5882 tu
1840 5843 1900 5884 cs
1929 5827 2022 5899 qui
2070 5828 2246 5884 fecisti

1207 5911 1318 5951 me.

1706 5155 1927 5210 ominus
1950 5156 1977 5210 Ἰ
2022 5155 2082 5212 et
2128 5157 2258 5214 sub-
2290 5155 2295 5162 ’

2659 435 3056 492 ΘΕΟΔΟΤΙΩΝ.
3075 456 3081 463 ‘

2406 576 2459 633 2.

2409 947 2464 1004 5.

2414 1178 2469 1240 4.

2413 1409 2468 1465 6.

2413 1895 2719 1967 Διάψαλμα.

2416 2057 2467 2111 7.
2496 2059 2591 2121 Τίς
2622 2057 2861 2124 συλλέξει
2891 2058 3062 2116 αὐτὰ.

2413 2151 2462 2208 8.

2413 2387 2471 2444 9.

2418 2620 2504 2675 10.

2654 2781 3067 2844 THEODO’I'IO.

2415 2882 2469 2937 2.

2409 3467 2462 3522 5.

2403 4763 2736 4836 Diapsalma.

2405 4929 2460 4982 7.
2489 4928 2624 4996 Quis
2656 4929 2876 5000 colliget
2905 4944 2992 4986 ea.

2401 5087 2455 5144 8.

2391 5759 2481 5818 10.

3271 316 3382 374 7-56
