3870 6216
409 343 515 399 787

683 458 769 512 ΤΟ
809 454 1179 522 ΕΒΡΔΙΚΟΝ.

992 635 1271 708 πυτ-ἢκ
1312 626 1373 681 10

777 865 1065 919 inminuit:
1101 871 1265 919 sum"
1280 847 1373 929 n‘n

402 1019 481 1068 π
514 1024 550 1091 -τ
585 1022 683 1071 ut:
778 1024 919 1072 ητσκ
963 1070 973 1091 ,
1028 1026 1230 1077 unum
1304 1022 1361 1073 M

1028 1098 1142 1147 πειυ
1176 1100 1437 1151 ἹΣἺΝΜὩἹ

400 1248 605 1300 omni
672 1228 858 1303 “nam:
922 1255 1053 1333 per:
1103 1253 1369 1380 tumul:

1372 1336 1438 1383 ἾΤ

397 1455 541 1528 ‘N‘H
588 1457 838 1546 nrt-N52
898 1488 1248 1559 πων-πω
1302 1485 1367 1537 ιδ

969 1559 1263 1612 cru-imm
1298 1563 1439 1613 ΠἺΞἾ

399 1784 498 1836 32:7
542 1762 759 1837 ’ψελινὸ
818 1790 1006 1842 πετι
1041 1793 1256 1843 unum
1302 1787 1368 1838 14

1472 355 1954 411 HEXAPLORUM'
1978 356 2143 423 QUAS
2186 356 2615 419 SUPERSUNT.

1798 471 1887 522 TU
1926 471 2274 524 ΕΒΡΔΙΚΟΝ

1705 540 2031 613 Ἑλληνικοῖς
2068 541 2377 613 γράμμασι.

1591 634 1675 687 10.

1580 1029 1664 1084 11.

1582 1259 1665 1313 12.

1580 1487 1666 1541 15.

1584 1792 1669 1845 11.

966 1861 1272 1935 πλη-ιπωὸ
1306 1861 1438 1944 ώῠπ
1508 1866 1511 1869 ’

399 2156 583 2205 "im
618 2157 799 2208 iam:
834 2132 1001 2211 “mm
1049 2162 1261 2214 unum
1302 2158 1367 2209 15

1018 2229 1270 2305 :‘DRS:
1305 2257 1438 2305 tum

397 2458 549 2507 nam
602 2460 709 2511 mn
763 2436 938 2510 inda:
993 2439 1248 2513 avri-‘7:
1302 2456 1366 2510 16

1158 2534 1320 2584 uno:
1353 2534 1438 2587 ’ΞΕ

396 2692 517 2743 ιηκ
554 2694 689 2745 ’.τετε
724 2697 897 2771 Tum
928 2699 1097 2774 Tim:
1129 2673 1439 2847 ἣρὲρέἕω

504 2919 752 2974 VERSIO
782 2920 1104 2979 HEBRAICI
1144 2922 1351 2979 TEXT.

470 3012 577 3101 10.
618 3014 816 3101 ‘Etiam.
848 3017 1138 3101 elongasti.
1191 3019 1434 3086 Πίθωνι,
1486 3092 1495 3101 ⁸

398 3097 585 3138 verum
617 3094 671 3138 tu
704 3086 998 3155 projecisti.

469 3241 534 3296 Et
558 3258 673 3313 non
692 3245 991 3313 egredieris
1020 3246 1078 3299 in
1112 3248 1437 3305 exercitibus

396 3313 621 3367 nostris.
654 3312 702 3365 Η
710 3312 897 3379 ieram,
928 3314 1005 3367 id.

470 3405 559 3459 11.
597 3404 843 3461 Reduccs
874 3422 977 3463 nos
1026 3415 1323 3463 retrorsum
1372 3412 1439 3465 ab

399 3474 576 3537 hoste,
606 3485 659 3529 et
708 3478 834 3531 odio
887 3478 1145 3532 habentes
1176 3495 1276 3535 nos
1306 3481 1437 3533 diri-

396 3554 636 3613 puerunt
667 3546 793 3600 sibi.
830 3545 1078 3610 Hierom,
1107 3550 1316 3603 vertisti
1341 3560 1442 3604 ter-

399 3630 465 3683 ga
515 3624 698 3687 nostra
734 3616 916 3671 hosti:
967 3626 1021 3669 et
1070 3618 1162 3687 qui
1212 3620 1440 3674 oderunt

399 3700 521 3746 nos.
555 3686 896 3754 diripuerunt
926 3687 1051 3741 sibi.

470 3780 558 3833 12.
611 3779 773 3836 Dabis
814 3796 912 3836 nos
947 3791 1005 3835 ut
1052 3796 1217 3850 pecus
1254 3798 1435 3837 come-

401 3850 619 3913 stionis,
648 3852 787 3904 etin
837 3852 1085 3921 gentibus
1134 3852 1436 3921 dispersisti

398 3935 523 3974 nos.
582 3920 1076 3985 Hieron.,’dedisti
1130 3920 1237 3977 nos
1280 3925 1437 3991 quasi

400 4006 615 4062 gregem
647 3992 713 4043 ad
738 3992 1065 4062 vorandum,
1094 4002 1147 4046 et
1180 3993 1235 4045 in
1267 3996 1437 4062 genti-

400 4062 503 4115 bus
530 4060 836 4129 dispersisti
863 4076 983 4115 nos.

472 4154 560 4208 1⁸5.
594 4141 805 4207 νειιῖιθε
833 4154 1096 4223 populum
1129 4164 1277 4209 tuum
1317 4156 1436 4211 sine

398 4225 607 4293 pretio,
671 4232 724 4277 et
786 4239 916 4294 non!
952 4226 1325 4294 multiplicasti
1382 4227 1436 4279 in

398 4292 591 4363 pretiis
621 4308 831 4348 eorum.
866 4292 1128 4359 Hierom,‘
1150 4296 1436 4351 vendidisti

398 4364 658 4432 populum
703 4372 856 4416 tuum
923 4366 1041 4418 sine
1079 4367 1289 4433 pretio:
1339 4381 1439 4420 nec

399 4434 621 4503 grandis
650 4433 752 4487 fuit
778 4436 1134 4488 commutatio
1155 4450 1367 4489 eorum.

473 4525 559 4577 H.
613 4522 787 4578 Pones
825 4539 927 4578 nos
973 4525 1325 4593 opprobrium
1356 4526 1440 4579 vi-

400 4596 543 4649 cinls
583 4594 808 4657 nostris,
860 4594 1341 4649 subsannationem
1387 4605 1441 4650 et

398 4664 759 4733 derisumﬁiis
798 4665 893 4733 qui
951 4674 1079 4718 sunt
1113 4667 1167 4718 in
1210 4666 1437 4719 circuitu

398 4744 609 4787 nostro.
627 4732 871 4804 Hieron},
884 4735 1111 4802 posuisti
1136 4750 1235 4788 nos
1251 4750 1443 4804 appro-

399 4805 576 4857 brium
596 4803 790 4857 vicinis
810 4805 1036 4865 nostris,
1056 4803 1437 4859 subsannatio-

397 4888 523 4928 nem
574 4882 627 4927 et
670 4873 891 4927 irrisum
940 4874 1025 4927 his
1056 4875 1149 4942 qui
1204 4875 1439 4929 erantin

397 4944 630 4999 circuitu
660 4951 866 4998 nostro.

474 5039 561 5093 15.
598 5037 775 5092 Pones
833 5052 932 5092 nos
984 5037 1330 5106 proverbium
1386 5038 1442 5090 in

399 5109 673 5175 gentibus,
705 5108 1126 5161 commotionem
1162 5108 1356 5176 capitis
1387 5107 1440 5160 in

400 5179 633 5246 populis.
666 5177 911 5240 Hierom,
947 5178 1173 5245 posuisti
1222 5193 1320 5231 nos
1365 5179 1438 5230 sis

401 5248 762 5317 militudinem
800 5248 853 5301 in
882 5248 1152 5317 gentibus.
1196 5262 1438 5301 commo-

401 5316 604 5371 tionem
642 5318 835 5387 capitis
867 5316 922 5370 in
955 5318 1226 5371 tribubus.

476 5411 563 5464 16.
587 5409 747 5463 Omni
764 5410 851 5463 die
863 5410 1186 5463 verecundia
1213 5423 1329 5462 mea
1348 5423 1439 5462 co-

405 5497 523 5536 ram
557 5495 664 5543 me,
714 5489 769 5533 et
815 5480 1067 5533 confusio
1116 5478 1271 5533 faciei
1306 5494 1440 5533 mete

403 5550 620 5619 operuit
646 5563 753 5603 me.
786 5548 1031 5613 "ieram,
1062 5557 1175 5601 tota
1203 5548 1288 5602 die
1310 5563 1439 5619 con-

404 5618 551 5674 l'usio
580 5634 699 5672 mea
745 5631 933 5672 contra
976 5634 1081 5683 me,
1125 5629 1177 5671 et
1210 5618 1441 5687 ignomi-

405 5692 499 5747 nia
527 5688 683 5743 faciei
722 5704 855 5742 mea:
877 5689 1157 5756 conperuit
1194 5703 1301 5741 me.

481 5780 567 5833 17.
597 5781 642 5833 Δ
665 5794 797 5835 voce
830 5779 1205 5847 exprobrantis
1233 5787 1286 5833 et
1318 5794 1443 5834 con-

1582 2160 1665 2213 15.
1696 2161 1930 2215 Μανουδ.

1587 2462 1671 2514 16,

1593 2692 1674 2744 17.

1712 2922 2039 2981 VULGATA
2080 2922 2362 2975 LATINA.

1583 3019 1670 3078 10.
1696 3018 1853 3074 Nunc
1884 3028 2061 3073 autem
2094 3019 2361 3088 repulisti.

1580 3250 1645 3306 Et
1673 3267 1777 3306 non
1808 3250 2123 3321 egredieris,
2159 3250 2322 3315 Deus,
2358 3250 2412 3303 in
2441 3266 2549 3303 vir-

1510 3323 1715 3377 tutibus
1742 3322 1966 3376 nostris.

1580 3414 1662 3468 11.
1697 3412 1951 3466 Avertisti
1977 3426 2078 3466 nos
2108 3420 2403 3466 retrorsum
2427 3422 2551 3481 post

1510 3484 1761 3537 inimicos
1804 3492 2042 3544 nostros,
2084 3491 2138 3535 et
2179 3484 2272 3552 qui
2319 3482 2552 3537 oderunt

1510 3570 1613 3608 nos
1638 3553 1962 3622 diripiebant
1995 3552 2121 3607 sibi.

1584 3780 1669 3835 η.
1713 3780 1916 3835 Dedisti
1966 3795 2068 3833 nos
2112 3790 2369 3848 tanquam
2410 3795 2550 3835 oves

1510 3864 1782 3931 escarum,
1815 3859 1869 3903 et
1907 3851 1961 3902 in
2005 3851 2256 3919 gentibus
2289 3851 2550 3920 dispersi-

1510 3930 1579 3975 stt
1607 3935 1724 3975 nos.

1583 4152 1671 4223 i5.
1730 4151 2030 4207 Vendidisti
2078 4152 2340 4223 populum
2395 4162 2546 4208 tuum

1512 4221 1864 4292 sine'pretio,
1894 4230 1947 4276 et
1974 4221 2096 4277 non‘
2130 4221 2231 4276 fuit
2264 4223 2552 4278 multitudo

1512 4293 1567 4345 in
1593 4294 2112 4349 commutationibus
2137 4308 2350 4347 eorum.

1585 4524 1669 4578 M.
1698 4523 1936 4579 Posuisti
1966 4540 2066 4579 nos
2094 4523 2445 4594 opprobrium
2470 4524 2551 4579 vi-

1512 4595 1651 4650 cinis
1695 4598 1916 4661 nostris,
1961 4596 2441 4649 subsannationem
2498 4601 2554 4649 et

1511 4666 1753 4719 derisum
1799 4666 1865 4720 iis
1910 4666 2003 4734 qui
2048 4675 2177 4719 sunt
2224 4665 2281 4717 in
2319 4665 2549 4719 circuitu

1512 4746 1716 4790 llOSll‘O.

1586 5038 1673 5092 15.
1706 5037 1945 5093 Posuisti
1990 5052 2091 5093 nos
2139 5037 2194 5091 in
2234 5036 2549 5093 similitudi-

1512 5124 1637 5188 nem
1668 5110 1941 5188 gentibus.
1988 5109 2406 5163 commotionem
2454 5123 2549 5163 ca-

1510 5179 1732 5249 pitisJin
1760 5179 1995 5248 populis.

1586 5408 1672 5461 16.
1723 5408 1858 5461 Tota
1908 5406 1997 5461 die
2042 5407 2364 5462 verecundia
2426 5424 2547 5463 mea

1511 5487 1700 5531 contra
1742 5493 1828 5531 me
1872 5486 1975 5559 est,
2011 5489 2065 5531 et
2096 5477 2345 5533 confusio
2392 5478 2547 5535 faciei

1512 5562 1645 5602 meae
1672 5557 1951 5617 cooperuit
1983 5562 2087 5602 me.

1585 5778 1670 5833 17.
1712 5779 1758 5834 A
1790 5796 1917 5836 voce
1948 5781 2321 5849 exprobrantis
2364 5791 2417 5837 et
2446 5797 2543 5840 oo-

2996 475 3292 532 ΔΚΥΔΔΣ.

2704 645 2784 696 10.

2698 1032 2783 1085 11.

2700 1262 2786 1316 12.

2698 1792 2784 1846 14.

2700 2160 2787 2217 15.

2696 2460 2784 2514 16.

2702 2691 2783 2744 17.
2812 2691 2921 2745 Καὶ
2941 2688 3405 2763 βλασφημοῦντος.

3011 2922 3283 2992 AQUILA.

2697 3018 2781 3074 10.

2694 3412 2779 3469 11.

2699 3785 2786 3840 12.

2692 4155 2781 4213 15.

2697 4528 2785 4584 ﬂ.

2696 5040 2785 5098 15.

2691 5412 2778 5468 16.

2692 5782 2780 5839 17.
2814 5782 2880 5841 Ει
2905 5782 3354 5857 blasphemantis.

3560 365 3671 422 738
