  <div class='ocr_page' id='page_1' title='image "/cluster/home/n/w/nwhite01/storage/ocr_20150623/16 pt.1/nnc1.0046978798/440.png"; bbox 0 0 3870 6216; ppageno 0'>
   <div class='ocr_carea' id='block_1_1' title="bbox 236 338 347 395">
    <p class='ocr_par' dir='ltr' id='par_1_1' title="bbox 236 338 347 395">
     <span class='ocr_line' id='line_1_1' title="bbox 236 338 347 395; baseline -0.027 0"><span class='ocrx_word' id='word_1_1' title='bbox 236 338 347 395; x_wconf 79' lang='grc'><strong>789</strong></span> 
     </span>
    </p>
   </div>
   <div class='ocr_carea' id='block_1_2' title="bbox 559 451 962 510">
    <p class='ocr_par' dir='ltr' id='par_1_2' title="bbox 559 451 962 510">
     <span class='ocr_line' id='line_1_2' title="bbox 559 451 962 510; baseline 0.01 -6"><span class='ocrx_word' id='word_1_2' title='bbox 559 451 962 510; x_wconf 79' lang='grc' dir='ltr'><strong>ΣΥΜΜΔΧΟΣ.</strong></span> 
     </span>
    </p>
   </div>
   <div class='ocr_carea' id='block_1_3' title="bbox 311 619 395 673">
    <p class='ocr_par' dir='ltr' id='par_1_3' title="bbox 311 619 395 673">
     <span class='ocr_line' id='line_1_3' title="bbox 311 619 395 673; baseline 0 0"><span class='ocrx_word' id='word_1_3' title='bbox 311 619 395 673; x_wconf 95' lang='grc'><strong>10.</strong></span> 
     </span>
    </p>
   </div>
   <div class='ocr_carea' id='block_1_4' title="bbox 309 850 1274 921">
    <p class='ocr_par' dir='ltr' id='par_1_4' title="bbox 309 850 1274 921">
     <span class='ocr_line' id='line_1_4' title="bbox 309 850 1274 921; baseline -0.004 -15"><span class='ocrx_word' id='word_1_4' title='bbox 309 854 417 907; x_wconf 77' lang='grc' dir='ltr'><strong>Καὶ</strong></span> <span class='ocrx_word' id='word_1_5' title='bbox 442 851 503 903; x_wconf 85' lang='grc' dir='ltr'><strong>οὐ</strong></span> <span class='ocrx_word' id='word_1_6' title='bbox 535 850 813 921; x_wconf 80' lang='grc' dir='ltr'><strong>προσέρχῃ</strong></span> <span class='ocrx_word' id='word_1_7' title='bbox 856 850 913 901; x_wconf 84' lang='grc' dir='ltr'><strong>ἐν</strong></span> <span class='ocrx_word' id='word_1_8' title='bbox 965 850 1076 912; x_wconf 89' lang='grc' dir='ltr'>τοῖς</span> <span class='ocrx_word' id='word_1_9' title='bbox 1107 865 1274 919; x_wconf 85' lang='grc' dir='ltr'>στρα-</span> 
     </span>
    </p>
   </div>
   <div class='ocr_carea' id='block_1_5' title="bbox 228 921 701 994">
    <p class='ocr_par' dir='ltr' id='par_1_5' title="bbox 228 921 701 994">
     <span class='ocr_line' id='line_1_5' title="bbox 228 921 701 994; baseline -0.015 -16"><span class='ocrx_word' id='word_1_10' title='bbox 228 924 497 994; x_wconf 77' lang='grc' dir='ltr'>τεύμασιν</span> <span class='ocrx_word' id='word_1_11' title='bbox 527 921 701 992; x_wconf 78' lang='grc' dir='ltr'>ἡμῶν.</span> 
     </span>
    </p>
   </div>
   <div class='ocr_carea' id='block_1_6' title="bbox 308 1011 1277 1099">
    <p class='ocr_par' dir='ltr' id='par_1_6' title="bbox 308 1011 1277 1099">
     <span class='ocr_line' id='line_1_6' title="bbox 308 1011 1277 1099; baseline 0 0"><span class='ocrx_word' id='word_1_12' title='bbox 308 1017 392 1099; x_wconf 61' lang='grc' dir='ltr'><strong>ιε·</strong></span> <span class='ocrx_word' id='word_1_13' title='bbox 429 1013 663 1099; x_wconf 67' lang='grc' dir='ltr'><strong>Ἐῖαξας</strong></span> <span class='ocrx_word' id='word_1_14' title='bbox 692 1013 838 1099; x_wconf 58' lang='grc' dir='ltr'>ἡμεῖς</span> <span class='ocrx_word' id='word_1_15' title='bbox 861 1011 1277 1099; x_wconf 42' lang='lat' dir='ltr'><strong>M1094??-</strong></span> 
     </span>
    </p>
   </div>
   <div class='ocr_carea' id='block_1_7' title="bbox 230 1082 1274 1151">
    <p class='ocr_par' dir='ltr' id='par_1_7' title="bbox 230 1082 1274 1151">
     <span class='ocr_line' id='line_1_7' title="bbox 230 1082 1274 1151; baseline -0.008 -11"><span class='ocrx_word' id='word_1_16' title='bbox 230 1087 325 1150; x_wconf 83' lang='grc' dir='ltr'><strong>τὸς</strong></span> <span class='ocrx_word' id='word_1_17' title='bbox 350 1086 613 1147; x_wconf 76' lang='grc' dir='ltr'><strong>ἐναντίου,</strong></span> <span class='ocrx_word' id='word_1_18' title='bbox 639 1082 732 1137; x_wconf 75' lang='grc' dir='ltr'><strong>καὶ</strong></span> <span class='ocrx_word' id='word_1_19' title='bbox 759 1084 806 1134; x_wconf 78' lang='grc' dir='ltr'>οὶ</span> <span class='ocrx_word' id='word_1_20' title='bbox 828 1082 1107 1151; x_wconf 84' lang='grc' dir='ltr'>μισοῦντες</span> <span class='ocrx_word' id='word_1_21' title='bbox 1130 1082 1274 1150; x_wconf 80' lang='grc' dir='ltr'>ἡμᾶς</span> 
     </span>
    </p>
   </div>
   <div class='ocr_carea' id='block_1_8' title="bbox 229 1154 890 1228">
    <p class='ocr_par' dir='ltr' id='par_1_8' title="bbox 229 1154 890 1228">
     <span class='ocr_line' id='line_1_8' title="bbox 229 1154 890 1228; baseline -0.008 -18"><span class='ocrx_word' id='word_1_22' title='bbox 229 1156 619 1228; x_wconf 78' lang='grc' dir='ltr'><strong>διαρπάζουσιν</strong></span> <span class='ocrx_word' id='word_1_23' title='bbox 658 1154 890 1213; x_wconf 81' lang='grc' dir='ltr'>ἑαυτοῖς.</span> 
     </span>
    </p>
   </div>
   <div class='ocr_carea' id='block_1_9' title="bbox 303 1240 1271 1315">
    <p class='ocr_par' dir='ltr' id='par_1_9' title="bbox 303 1240 1271 1315">
     <span class='ocr_line' id='line_1_9' title="bbox 303 1240 1271 1315; baseline -0.01 -14"><span class='ocrx_word' id='word_1_24' title='bbox 303 1248 391 1301; x_wconf 72' lang='grc'>12.</span> <span class='ocrx_word' id='word_1_25' title='bbox 422 1246 668 1308; x_wconf 88' lang='grc' dir='ltr'>Ἕδωκας</span> <span class='ocrx_word' id='word_1_26' title='bbox 702 1246 848 1315; x_wconf 77' lang='grc' dir='ltr'><strong>ἡμᾶς</strong></span> <span class='ocrx_word' id='word_1_27' title='bbox 884 1242 961 1315; x_wconf 87' lang='grc' dir='ltr'><strong>ώς</strong></span> <span class='ocrx_word' id='word_1_28' title='bbox 992 1240 1271 1315; x_wconf 62' lang='grc' dir='ltr'>βοσκήμα-</span> 
     </span>
    </p>
   </div>
   <div class='ocr_carea' id='block_1_10' title="bbox 227 1312 1270 1387">
    <p class='ocr_par' dir='ltr' id='par_1_10' title="bbox 227 1312 1270 1387">
     <span class='ocr_line' id='line_1_10' title="bbox 227 1312 1270 1387; baseline -0.008 -17"><span class='ocrx_word' id='word_1_29' title='bbox 227 1335 301 1372; x_wconf 84' lang='grc' dir='ltr'><strong>τα</strong></span> <span class='ocrx_word' id='word_1_30' title='bbox 324 1316 599 1387; x_wconf 83' lang='grc' dir='ltr'><strong>βρώσεως,</strong></span> <span class='ocrx_word' id='word_1_31' title='bbox 631 1312 835 1379; x_wconf 68' lang='grc' dir='ltr'>καϊεξς</span> <span class='ocrx_word' id='word_1_32' title='bbox 862 1314 931 1366; x_wconf 83' lang='grc' dir='ltr'>τὰ</span> <span class='ocrx_word' id='word_1_33' title='bbox 992 1312 1118 1381; x_wconf 77' lang='grc' dir='ltr'>ἔθνη</span> <span class='ocrx_word' id='word_1_34' title='bbox 1162 1312 1270 1363; x_wconf 79' lang='grc' dir='ltr'>ἐλί-</span> 
     </span>
    </p>
   </div>
   <div class='ocr_carea' id='block_1_11' title="bbox 228 1388 640 1457">
    <p class='ocr_par' dir='ltr' id='par_1_11' title="bbox 228 1388 640 1457">
     <span class='ocr_line' id='line_1_11' title="bbox 228 1388 640 1457; baseline 0 -18"><span class='ocrx_word' id='word_1_35' title='bbox 228 1404 452 1457; x_wconf 78' lang='grc' dir='ltr'>κμησας</span> <span class='ocrx_word' id='word_1_36' title='bbox 476 1388 640 1456; x_wconf 78' lang='grc' dir='ltr'>ἡμᾶς.</span> 
     </span>
    </p>
   </div>
   <div class='ocr_carea' id='block_1_12' title="bbox 305 1474 1272 1543">
    <p class='ocr_par' dir='ltr' id='par_1_12' title="bbox 305 1474 1272 1543">
     <span class='ocr_line' id='line_1_12' title="bbox 305 1474 1272 1543; baseline -0.002 -14"><span class='ocrx_word' id='word_1_37' title='bbox 305 1477 390 1532; x_wconf 79' lang='lat'><strong>15.</strong></span> <span class='ocrx_word' id='word_1_38' title='bbox 439 1477 663 1529; x_wconf 81' lang='grc' dir='ltr'>Ἀπέδου</span> <span class='ocrx_word' id='word_1_39' title='bbox 711 1484 801 1528; x_wconf 87' lang='grc' dir='ltr'><strong>τον</strong></span> <span class='ocrx_word' id='word_1_40' title='bbox 849 1474 978 1527; x_wconf 85' lang='grc' dir='ltr'>λαόν</span> <span class='ocrx_word' id='word_1_41' title='bbox 1034 1490 1126 1525; x_wconf 91' lang='grc' dir='ltr'><strong>σου</strong></span> <span class='ocrx_word' id='word_1_42' title='bbox 1175 1474 1272 1543; x_wconf 84' lang='grc' dir='ltr'><strong>οὐχ</strong></span> 
     </span>
    </p>
   </div>
   <div class='ocr_carea' id='block_1_13' title="bbox 229 1543 1271 1616">
    <p class='ocr_par' dir='ltr' id='par_1_13' title="bbox 229 1543 1271 1616">
     <span class='ocr_line' id='line_1_13' title="bbox 229 1543 1271 1616; baseline -0.005 -16"><span class='ocrx_word' id='word_1_43' title='bbox 229 1546 537 1616; x_wconf 79' lang='grc' dir='ltr'><strong>ὑπάρξεως,</strong></span> <span class='ocrx_word' id='word_1_44' title='bbox 577 1548 670 1599; x_wconf 73' lang='grc' dir='ltr'><strong>καὶ</strong></span> <span class='ocrx_word' id='word_1_45' title='bbox 695 1547 754 1598; x_wconf 82' lang='grc' dir='ltr'><strong>οὐ</strong></span> <span class='ocrx_word' id='word_1_46' title='bbox 784 1545 983 1615; x_wconf 82' lang='grc' dir='ltr'>πολλὴν</span> <span class='ocrx_word' id='word_1_47' title='bbox 1012 1543 1271 1610; x_wconf 73' lang='grc' dir='ltr'>ἐποίησας</span> 
     </span>
    </p>
   </div>
   <div class='ocr_carea' id='block_1_14' title="bbox 228 1616 748 1689">
    <p class='ocr_par' dir='ltr' id='par_1_14' title="bbox 228 1616 748 1689">
     <span class='ocr_line' id='line_1_14' title="bbox 228 1616 748 1689; baseline -0.002 -19"><span class='ocrx_word' id='word_1_48' title='bbox 228 1618 331 1689; x_wconf 86' lang='grc' dir='ltr'><strong>τὴν</strong></span> <span class='ocrx_word' id='word_1_49' title='bbox 354 1616 517 1688; x_wconf 82' lang='grc' dir='ltr'>τιμὴν</span> <span class='ocrx_word' id='word_1_50' title='bbox 550 1617 748 1669; x_wconf 85' lang='grc' dir='ltr'>αὐτῶν.</span> 
     </span>
    </p>
   </div>
   <div class='ocr_carea' id='block_1_15' title="bbox 302 1776 1277 1849">
    <p class='ocr_par' dir='ltr' id='par_1_15' title="bbox 302 1776 1277 1849">
     <span class='ocr_line' id='line_1_15' title="bbox 302 1776 1277 1849; baseline -0.006 -15"><span class='ocrx_word' id='word_1_51' title='bbox 302 1780 391 1834; x_wconf 73' lang='grc'><strong>14.</strong></span> <span class='ocrx_word' id='word_1_52' title='bbox 436 1778 728 1849; x_wconf 81' lang='grc' dir='ltr'>Ἐποίησας</span> <span class='ocrx_word' id='word_1_53' title='bbox 756 1779 903 1849; x_wconf 83' lang='grc' dir='ltr'>ἡμᾶς</span> <span class='ocrx_word' id='word_1_54' title='bbox 936 1776 1277 1849; x_wconf 81' lang='grc' dir='ltr'>προπηλακι-</span> 
     </span>
    </p>
   </div>
   <div class='ocr_carea' id='block_1_16' title="bbox 229 1846 1277 1992">
    <p class='ocr_par' dir='ltr' id='par_1_16' title="bbox 229 1846 1277 1992">
     <span class='ocr_line' id='line_1_16' title="bbox 229 1846 1277 1992; baseline -0.005 -89"><span class='ocrx_word' id='word_1_55' title='bbox 229 1851 369 1992; x_wconf 54' lang='grc' dir='ltr'>ἷμξν</span> <span class='ocrx_word' id='word_1_56' title='bbox 398 1849 535 1920; x_wconf 84' lang='grc' dir='ltr'>μετὰ</span> <span class='ocrx_word' id='word_1_57' title='bbox 568 1846 879 1919; x_wconf 73' lang='grc' dir='ltr'>χλευασμοῦ</span> <span class='ocrx_word' id='word_1_58' title='bbox 933 1846 1048 1911; x_wconf 88' lang='grc' dir='ltr'>τοῖς</span> <span class='ocrx_word' id='word_1_59' title='bbox 1091 1846 1277 1917; x_wconf 82' lang='grc' dir='ltr'>κύκλῳ</span> 
     </span>
     <span class='ocr_line' id='line_1_17' title="bbox 273 1938 406 1991; baseline -0.023 -15"><span class='ocrx_word' id='word_1_60' title='bbox 273 1938 406 1991; x_wconf 86' lang='grc' dir='ltr'>μων.</span> 
     </span>
    </p>
   </div>
   <div class='ocr_carea' id='block_1_17' title="bbox 303 2150 1269 2223">
    <p class='ocr_par' dir='ltr' id='par_1_17' title="bbox 303 2150 1269 2223">
     <span class='ocr_line' id='line_1_18' title="bbox 303 2150 1269 2223; baseline -0.002 -18"><span class='ocrx_word' id='word_1_61' title='bbox 303 2152 388 2205; x_wconf 79' lang='grc'>15.</span> <span class='ocrx_word' id='word_1_62' title='bbox 431 2152 748 2223; x_wconf 16' lang='grc' dir='ltr'>Ἐποίησαςγ</span> <span class='ocrx_word' id='word_1_63' title='bbox 776 2152 924 2221; x_wconf 83' lang='grc' dir='ltr'>ἡμᾶς</span> <span class='ocrx_word' id='word_1_64' title='bbox 958 2150 1269 2223; x_wconf 63' lang='grc' dir='ltr'>παραβολὴν</span> 
     </span>
    </p>
   </div>
   <div class='ocr_carea' id='block_1_18' title="bbox 228 2221 1272 2291">
    <p class='ocr_par' dir='ltr' id='par_1_18' title="bbox 228 2221 1272 2291">
     <span class='ocr_line' id='line_1_19' title="bbox 228 2221 1272 2291; baseline -0.001 -16"><span class='ocrx_word' id='word_1_65' title='bbox 228 2223 290 2275; x_wconf 83' lang='grc' dir='ltr'>ὲν</span> <span class='ocrx_word' id='word_1_66' title='bbox 321 2225 430 2284; x_wconf 88' lang='grc' dir='ltr'>τοῖς</span> <span class='ocrx_word' id='word_1_67' title='bbox 463 2221 661 2285; x_wconf 76' lang='grc' dir='ltr'>ἔθνεσι,</span> <span class='ocrx_word' id='word_1_68' title='bbox 695 2222 906 2291; x_wconf 87' lang='grc' dir='ltr'>κίνησιν</span> <span class='ocrx_word' id='word_1_69' title='bbox 938 2221 1180 2291; x_wconf 77' lang='grc' dir='ltr'><strong>κεφαλῆς</strong></span> <span class='ocrx_word' id='word_1_70' title='bbox 1212 2224 1272 2274; x_wconf 83' lang='grc' dir='ltr'><strong>ἐν</strong></span> 
     </span>
    </p>
   </div>
   <div class='ocr_carea' id='block_1_19' title="bbox 226 2292 591 2361">
    <p class='ocr_par' dir='ltr' id='par_1_19' title="bbox 226 2292 591 2361">
     <span class='ocr_line' id='line_1_20' title="bbox 226 2292 591 2361; baseline 0 -16"><span class='ocrx_word' id='word_1_71' title='bbox 226 2295 351 2357; x_wconf 86' lang='grc' dir='ltr'>ταῖς</span> <span class='ocrx_word' id='word_1_72' title='bbox 379 2292 591 2361; x_wconf 85' lang='grc' dir='ltr'>φυλαῖς.</span> 
     </span>
    </p>
   </div>
   <div class='ocr_carea' id='block_1_20' title="bbox 285 2450 1272 2535">
    <p class='ocr_par' dir='ltr' id='par_1_20' title="bbox 285 2450 1272 2535">
     <span class='ocr_line' id='line_1_21' title="bbox 285 2450 1272 2535; baseline 0.001 -30"><span class='ocrx_word' id='word_1_73' title='bbox 285 2450 384 2535; x_wconf 47' lang='lat'><strong>16.-</strong></span> <span class='ocrx_word' id='word_1_74' title='bbox 390 2453 467 2503; x_wconf 83' lang='grc' dir='ltr'><strong>Δι’</strong></span> <span class='ocrx_word' id='word_1_75' title='bbox 483 2451 609 2535; x_wconf 70' lang='grc' dir='ltr'>ὅλης</span> <span class='ocrx_word' id='word_1_76' title='bbox 620 2452 652 2521; x_wconf 79' lang='grc' dir='ltr'><strong>ἡ</strong></span> <span class='ocrx_word' id='word_1_77' title='bbox 661 2450 833 2522; x_wconf 83' lang='grc' dir='ltr'>μὲρας</span> <span class='ocrx_word' id='word_1_78' title='bbox 897 2452 1039 2535; x_wconf 65' lang='grc' dir='ltr'>ᾀσχη</span> <span class='ocrx_word' id='word_1_79' title='bbox 1049 2452 1182 2522; x_wconf 85' lang='grc' dir='ltr'><strong>μόνη</strong></span> <span class='ocrx_word' id='word_1_80' title='bbox 1190 2469 1272 2515; x_wconf 84' lang='grc' dir='ltr'><strong>σις</strong></span> 
     </span>
    </p>
   </div>
   <div class='ocr_carea' id='block_1_21' title="bbox 230 2520 1272 2607">
    <p class='ocr_par' dir='ltr' id='par_1_21' title="bbox 230 2520 1272 2607">
     <span class='ocr_line' id='line_1_22' title="bbox 230 2520 1272 2607; baseline 0.001 -34"><span class='ocrx_word' id='word_1_81' title='bbox 230 2539 336 2607; x_wconf 67' lang='grc' dir='ltr'>μου</span> <span class='ocrx_word' id='word_1_82' title='bbox 355 2520 612 2600; x_wconf 64' lang='grc' dir='ltr'>ἄντικρύς</span> <span class='ocrx_word' id='word_1_83' title='bbox 628 2520 755 2607; x_wconf 61' lang='grc' dir='ltr'>μου,</span> <span class='ocrx_word' id='word_1_84' title='bbox 779 2520 916 2574; x_wconf 80' lang='grc' dir='ltr'><strong>καϊὸ</strong></span> <span class='ocrx_word' id='word_1_85' title='bbox 934 2520 1272 2607; x_wconf 69' lang='grc' dir='ltr'>καταισχυμ-</span> 
     </span>
    </p>
   </div>
   <div class='ocr_carea' id='block_1_22' title="bbox 231 2591 1267 2662">
    <p class='ocr_par' dir='ltr' id='par_1_22' title="bbox 231 2591 1267 2662">
     <span class='ocr_line' id='line_1_23' title="bbox 231 2591 1267 2662; baseline 0.006 -21"><span class='ocrx_word' id='word_1_86' title='bbox 231 2591 333 2661; x_wconf 69' lang='grc' dir='ltr'><strong>μὸς</strong></span> <span class='ocrx_word' id='word_1_87' title='bbox 358 2591 448 2644; x_wconf 77' lang='grc' dir='ltr'>τοῦ</span> <span class='ocrx_word' id='word_1_88' title='bbox 469 2591 759 2661; x_wconf 85' lang='grc' dir='ltr'>προσώπου</span> <span class='ocrx_word' id='word_1_89' title='bbox 779 2608 879 2661; x_wconf 86' lang='grc' dir='ltr'><strong>μου</strong></span> <span class='ocrx_word' id='word_1_90' title='bbox 898 2591 1267 2662; x_wconf 72' lang='grc' dir='ltr'>καλύπτει</span> 
     </span>
    </p>
   </div>
   <div class='ocr_carea' id='block_1_23' title="bbox 304 2681 1271 2751">
    <p class='ocr_par' dir='ltr' id='par_1_23' title="bbox 304 2681 1271 2751">
     <span class='ocr_line' id='line_1_24' title="bbox 304 2681 1271 2751; baseline 0.002 -16"><span class='ocrx_word' id='word_1_91' title='bbox 304 2682 391 2735; x_wconf 95' lang='grc'><strong>17.</strong></span> <span class='ocrx_word' id='word_1_92' title='bbox 437 2681 568 2734; x_wconf 84' lang='grc' dir='ltr'>Ἀπὸ</span> <span class='ocrx_word' id='word_1_93' title='bbox 596 2682 791 2751; x_wconf 84' lang='grc' dir='ltr'>φωνῆς,</span> <span class='ocrx_word' id='word_1_94' title='bbox 806 2681 1152 2745; x_wconf 84' lang='grc' dir='ltr'>ὀνειδίζοντος</span> <span class='ocrx_word' id='word_1_95' title='bbox 1178 2686 1271 2737; x_wconf 76' lang='grc' dir='ltr'><strong>καὶ</strong></span> 
     </span>
    </p>
   </div>
   <div class='ocr_carea' id='block_1_24' title="bbox 269 2751 1271 2824">
    <p class='ocr_par' dir='ltr' id='par_1_24' title="bbox 269 2751 1271 2824">
     <span class='ocr_line' id='line_1_25' title="bbox 269 2751 1271 2824; baseline -0.031 3"><span class='ocrx_word' id='word_1_96' title='bbox 269 2751 696 2824; x_wconf 68' lang='grc' dir='ltr'>λαετφημοῦντος.</span> <span class='ocrx_word' id='word_1_97' title='bbox 726 2751 834 2824; x_wconf 69' lang='grc' dir='ltr'><strong>ᾁπὸ</strong></span> <span class='ocrx_word' id='word_1_98' title='bbox 865 2751 1154 2824; x_wconf 75' lang='grc' dir='ltr'>προσώπου</span> <span class='ocrx_word' id='word_1_99' title='bbox 1179 2755 1271 2824; x_wconf 81' lang='grc' dir='ltr'>ἐχ-</span> 
     </span>
    </p>
   </div>
   <div class='ocr_carea' id='block_1_25' title="bbox 269 2820 1103 2893">
    <p class='ocr_par' dir='ltr' id='par_1_25' title="bbox 269 2820 1103 2893">
     <span class='ocr_line' id='line_1_26' title="bbox 269 2820 1103 2893; baseline 0.002 -19"><span class='ocrx_word' id='word_1_100' title='bbox 269 2820 363 2893; x_wconf 80' lang='grc' dir='ltr'>ροῦ</span> <span class='ocrx_word' id='word_1_101' title='bbox 389 2820 483 2874; x_wconf 77' lang='grc' dir='ltr'><strong>καὶ</strong></span> <span class='ocrx_word' id='word_1_102' title='bbox 513 2820 881 2891; x_wconf 81' lang='grc' dir='ltr'>τιμωροῦντος</span> <span class='ocrx_word' id='word_1_103' title='bbox 907 2820 1103 2893; x_wconf 80' lang='grc' dir='ltr'>ἐαυτῷ.</span> 
     </span>
    </p>
   </div>
   <div class='ocr_carea' id='block_1_26' title="bbox 515 2913 962 2971">
    <p class='ocr_par' dir='ltr' id='par_1_26' title="bbox 515 2913 962 2971">
     <span class='ocr_line' id='line_1_27' title="bbox 515 2913 962 2971; baseline 0 -1"><span class='ocrx_word' id='word_1_104' title='bbox 515 2913 962 2971; x_wconf 79' lang='lat' dir='ltr'><strong>SYMMACHUS.</strong></span> 
     </span>
    </p>
   </div>
   <div class='ocr_carea' id='block_1_27' title="bbox 306 3008 396 3063">
    <p class='ocr_par' dir='ltr' id='par_1_27' title="bbox 306 3008 396 3063">
     <span class='ocr_line' id='line_1_28' title="bbox 306 3008 396 3063; baseline 0.011 -1"><span class='ocrx_word' id='word_1_105' title='bbox 306 3008 396 3063; x_wconf 90' lang='lat'><strong>10.</strong></span> 
     </span>
    </p>
   </div>
   <div class='ocr_carea' id='block_1_28' title="bbox 311 3240 1277 3325">
    <p class='ocr_par' dir='ltr' id='par_1_28' title="bbox 311 3240 1277 3325">
     <span class='ocr_line' id='line_1_29' title="bbox 311 3240 1277 3325; baseline 0.003 -29"><span class='ocrx_word' id='word_1_106' title='bbox 311 3242 531 3325; x_wconf 39' lang='lat' dir='ltr'><strong>Et.non</strong></span> <span class='ocrx_word' id='word_1_107' title='bbox 586 3240 814 3299; x_wconf 88' lang='lat' dir='ltr'><strong>accedes</strong></span> <span class='ocrx_word' id='word_1_108' title='bbox 846 3242 900 3298; x_wconf 90' lang='lat' dir='ltr'><strong>in</strong></span> <span class='ocrx_word' id='word_1_109' title='bbox 950 3242 1277 3299; x_wconf 74' lang='lat' dir='ltr'><strong>exercitibus</strong></span> 
     </span>
    </p>
   </div>
   <div class='ocr_carea' id='block_1_29' title="bbox 230 3324 462 3369">
    <p class='ocr_par' dir='ltr' id='par_1_29' title="bbox 230 3324 462 3369">
     <span class='ocr_line' id='line_1_30' title="bbox 230 3324 462 3369; baseline -0.009 -1"><span class='ocrx_word' id='word_1_110' title='bbox 230 3324 462 3369; x_wconf 70' lang='grc' dir='ltr'>ῃοδιτιε.</span> 
     </span>
    </p>
   </div>
   <div class='ocr_carea' id='block_1_30' title="bbox 306 3405 1281 3461">
    <p class='ocr_par' dir='ltr' id='par_1_30' title="bbox 306 3405 1281 3461">
     <span class='ocr_line' id='line_1_31' title="bbox 306 3405 1281 3461; baseline 0 -2"><span class='ocrx_word' id='word_1_111' title='bbox 306 3407 394 3459; x_wconf 89' lang='grc'><strong>11.</strong></span> <span class='ocrx_word' id='word_1_112' title='bbox 458 3405 712 3461; x_wconf 87' lang='lat' dir='ltr'><strong>Statuisti</strong></span> <span class='ocrx_word' id='word_1_113' title='bbox 744 3421 846 3461; x_wconf 90' lang='lat' dir='ltr'><strong>nos</strong></span> <span class='ocrx_word' id='word_1_114' title='bbox 895 3406 1119 3461; x_wconf 91' lang='lat' dir='ltr'><strong>ultimos</strong></span> <span class='ocrx_word' id='word_1_115' title='bbox 1168 3420 1281 3459; x_wconf 92' lang='lat' dir='ltr'><strong>om-</strong></span> 
     </span>
    </p>
   </div>
   <div class='ocr_carea' id='block_1_31' title="bbox 228 3476 1279 3547">
    <p class='ocr_par' dir='ltr' id='par_1_31' title="bbox 228 3476 1279 3547">
     <span class='ocr_line' id='line_1_32' title="bbox 228 3476 1279 3547; baseline 0.001 -18"><span class='ocrx_word' id='word_1_116' title='bbox 228 3476 388 3530; x_wconf 88' lang='lat' dir='ltr'><strong>nium</strong></span> <span class='ocrx_word' id='word_1_117' title='bbox 406 3477 922 3546; x_wconf 72' lang='lat' dir='ltr'><strong>adversario_rurn,et</strong></span> <span class='ocrx_word' id='word_1_118' title='bbox 936 3478 1029 3547; x_wconf 93' lang='lat' dir='ltr'><strong>qui</strong></span> <span class='ocrx_word' id='word_1_119' title='bbox 1046 3478 1279 3531; x_wconf 91' lang='lat' dir='ltr'><strong>oderunt</strong></span> 
     </span>
    </p>
   </div>
   <div class='ocr_carea' id='block_1_32' title="bbox 230 3546 781 3617">
    <p class='ocr_par' dir='ltr' id='par_1_32' title="bbox 230 3546 781 3617">
     <span class='ocr_line' id='line_1_33' title="bbox 230 3546 781 3617; baseline -0.005 -14"><span class='ocrx_word' id='word_1_120' title='bbox 230 3563 339 3603; x_wconf 86' lang='lat' dir='ltr'><strong>nos</strong></span> <span class='ocrx_word' id='word_1_121' title='bbox 361 3548 625 3617; x_wconf 86' lang='lat' dir='ltr'><strong>diripiunt</strong></span> <span class='ocrx_word' id='word_1_122' title='bbox 656 3546 781 3603; x_wconf 83' lang='lat' dir='ltr'><strong>sibi.</strong></span> 
     </span>
    </p>
   </div>
   <div class='ocr_carea' id='block_1_33' title="bbox 310 3777 1279 3846">
    <p class='ocr_par' dir='ltr' id='par_1_33' title="bbox 310 3777 1279 3846">
     <span class='ocr_line' id='line_1_34' title="bbox 310 3777 1279 3846; baseline -0.002 -13"><span class='ocrx_word' id='word_1_123' title='bbox 310 3778 394 3833; x_wconf 73' lang='grc'>12.</span> <span class='ocrx_word' id='word_1_124' title='bbox 434 3777 639 3833; x_wconf 80' lang='lat' dir='ltr'><strong>Dedisti</strong></span> <span class='ocrx_word' id='word_1_125' title='bbox 671 3793 773 3833; x_wconf 92' lang='lat' dir='ltr'><strong>nos</strong></span> <span class='ocrx_word' id='word_1_126' title='bbox 814 3786 873 3832; x_wconf 90' lang='lat' dir='ltr'><strong>ut</strong></span> <span class='ocrx_word' id='word_1_127' title='bbox 898 3792 1068 3846; x_wconf 90' lang='lat' dir='ltr'><strong>pecus</strong></span> <span class='ocrx_word' id='word_1_128' title='bbox 1096 3790 1279 3832; x_wconf 91' lang='lat' dir='ltr'><strong>come-</strong></span> 
     </span>
    </p>
   </div>
   <div class='ocr_carea' id='block_1_34' title="bbox 232 3848 1276 3919">
    <p class='ocr_par' dir='ltr' id='par_1_34' title="bbox 232 3848 1276 3919">
     <span class='ocr_line' id='line_1_35' title="bbox 232 3848 1276 3919; baseline -0.001 -15"><span class='ocrx_word' id='word_1_129' title='bbox 232 3849 453 3914; x_wconf 87' lang='lat' dir='ltr'><strong>stionis,</strong></span> <span class='ocrx_word' id='word_1_130' title='bbox 476 3858 528 3904; x_wconf 89' lang='lat' dir='ltr'><strong>et</strong></span> <span class='ocrx_word' id='word_1_131' title='bbox 555 3849 609 3902; x_wconf 91' lang='lat' dir='ltr'><strong>in</strong></span> <span class='ocrx_word' id='word_1_132' title='bbox 639 3857 829 3919; x_wconf 80' lang='lat' dir='ltr'><strong>gentes</strong></span> <span class='ocrx_word' id='word_1_133' title='bbox 855 3848 1125 3903; x_wconf 90' lang='lat' dir='ltr'><strong>ventilasti</strong></span> <span class='ocrx_word' id='word_1_134' title='bbox 1156 3863 1276 3903; x_wconf 90' lang='lat' dir='ltr'><strong>nos.</strong></span> 
     </span>
    </p>
   </div>
   <div class='ocr_carea' id='block_1_35' title="bbox 312 4149 1280 4220">
    <p class='ocr_par' dir='ltr' id='par_1_35' title="bbox 312 4149 1280 4220">
     <span class='ocr_line' id='line_1_36' title="bbox 312 4149 1280 4220; baseline -0.004 -15"><span class='ocrx_word' id='word_1_135' title='bbox 312 4152 398 4205; x_wconf 75' lang='lat'><strong>15.</strong></span> <span class='ocrx_word' id='word_1_136' title='bbox 470 4149 764 4205; x_wconf 88' lang='lat' dir='ltr'><strong>Tradidisti</strong></span> <span class='ocrx_word' id='word_1_137' title='bbox 814 4149 1071 4220; x_wconf 83' lang='lat' dir='ltr'><strong>populum</strong></span> <span class='ocrx_word' id='word_1_138' title='bbox 1126 4157 1280 4220; x_wconf 89' lang='lat' dir='ltr'><strong>tuum</strong></span> 
     </span>
    </p>
   </div>
   <div class='ocr_carea' id='block_1_36' title="bbox 238 4219 1278 4284">
    <p class='ocr_par' dir='ltr' id='par_1_36' title="bbox 238 4219 1278 4284">
     <span class='ocr_line' id='line_1_37' title="bbox 238 4219 1278 4284; baseline -0.006 -7"><span class='ocrx_word' id='word_1_139' title='bbox 238 4224 361 4277; x_wconf 87' lang='lat' dir='ltr'><strong>sine</strong></span> <span class='ocrx_word' id='word_1_140' title='bbox 386 4223 711 4284; x_wconf 87' lang='lat' dir='ltr'><strong>substantia,</strong></span> <span class='ocrx_word' id='word_1_141' title='bbox 766 4219 828 4274; x_wconf 86' lang='lat' dir='ltr'><strong>et</strong></span> <span class='ocrx_word' id='word_1_142' title='bbox 880 4235 989 4275; x_wconf 87' lang='lat' dir='ltr'><strong>non</strong></span> <span class='ocrx_word' id='word_1_143' title='bbox 1047 4219 1278 4274; x_wconf 87' lang='lat' dir='ltr'><strong>multum</strong></span> 
     </span>
    </p>
   </div>
   <div class='ocr_carea' id='block_1_37' title="bbox 237 4291 929 4362">
    <p class='ocr_par' dir='ltr' id='par_1_37' title="bbox 237 4291 929 4362">
     <span class='ocr_line' id='line_1_38' title="bbox 237 4291 929 4362; baseline -0.006 -15"><span class='ocrx_word' id='word_1_144' title='bbox 237 4291 419 4347; x_wconf 75' lang='lat' dir='ltr'><strong>fecisti</strong></span> <span class='ocrx_word' id='word_1_145' title='bbox 453 4293 686 4362; x_wconf 90' lang='lat' dir='ltr'><strong>pretium</strong></span> <span class='ocrx_word' id='word_1_146' title='bbox 717 4305 929 4347; x_wconf 87' lang='lat' dir='ltr'><strong>eorum.</strong></span> 
     </span>
    </p>
   </div>
   <div class='ocr_carea' id='block_1_38' title="bbox 315 4521 1281 4591">
    <p class='ocr_par' dir='ltr' id='par_1_38' title="bbox 315 4521 1281 4591">
     <span class='ocr_line' id='line_1_39' title="bbox 315 4521 1281 4591; baseline 0 -17"><span class='ocrx_word' id='word_1_147' title='bbox 315 4523 401 4576; x_wconf 98' lang='grc'><strong>14.</strong></span> <span class='ocrx_word' id='word_1_148' title='bbox 429 4521 627 4576; x_wconf 88' lang='lat' dir='ltr'><strong>Fecisti</strong></span> <span class='ocrx_word' id='word_1_149' title='bbox 655 4537 754 4577; x_wconf 93' lang='lat' dir='ltr'><strong>nos</strong></span> <span class='ocrx_word' id='word_1_150' title='bbox 776 4522 1128 4591; x_wconf 84' lang='lat' dir='ltr'><strong>opprobrium</strong></span> <span class='ocrx_word' id='word_1_151' title='bbox 1156 4535 1281 4575; x_wconf 88' lang='lat' dir='ltr'><strong>cum</strong></span> 
     </span>
    </p>
   </div>
   <div class='ocr_carea' id='block_1_39' title="bbox 236 4592 1285 4663">
    <p class='ocr_par' dir='ltr' id='par_1_39' title="bbox 236 4592 1285 4663">
     <span class='ocr_line' id='line_1_40' title="bbox 236 4592 1285 4663; baseline -0.001 -17"><span class='ocrx_word' id='word_1_152' title='bbox 236 4593 514 4649; x_wconf 85' lang='lat' dir='ltr'><strong>derisione</strong></span> <span class='ocrx_word' id='word_1_153' title='bbox 545 4593 612 4650; x_wconf 89' lang='lat' dir='ltr'><strong>iis</strong></span> <span class='ocrx_word' id='word_1_154' title='bbox 643 4592 737 4663; x_wconf 88' lang='lat' dir='ltr'><strong>qui</strong></span> <span class='ocrx_word' id='word_1_155' title='bbox 778 4602 908 4647; x_wconf 88' lang='lat' dir='ltr'><strong>sunt</strong></span> <span class='ocrx_word' id='word_1_156' title='bbox 956 4593 1011 4645; x_wconf 90' lang='lat' dir='ltr'><strong>in</strong></span> <span class='ocrx_word' id='word_1_157' title='bbox 1057 4592 1285 4646; x_wconf 76' lang='lat' dir='ltr'><strong>circuitu</strong></span> 
     </span>
    </p>
   </div>
   <div class='ocr_carea' id='block_1_40' title="bbox 239 4672 450 4718">
    <p class='ocr_par' dir='ltr' id='par_1_40' title="bbox 239 4672 450 4718">
     <span class='ocr_line' id='line_1_41' title="bbox 239 4672 450 4718; baseline -0.009 -1"><span class='ocrx_word' id='word_1_158' title='bbox 239 4672 450 4718; x_wconf 72' lang='lat' dir='ltr'><strong>DOSU&#39;O.</strong></span> 
     </span>
    </p>
   </div>
   <div class='ocr_carea' id='block_1_41' title="bbox 318 5029 1288 5100">
    <p class='ocr_par' dir='ltr' id='par_1_41' title="bbox 318 5029 1288 5100">
     <span class='ocr_line' id='line_1_42' title="bbox 318 5029 1288 5100; baseline -0.002 -15"><span class='ocrx_word' id='word_1_159' title='bbox 318 5033 405 5086; x_wconf 79' lang='grc'>15.</span> <span class='ocrx_word' id='word_1_160' title='bbox 442 5031 639 5087; x_wconf 86' lang='lat' dir='ltr'><strong>Fecisti</strong></span> <span class='ocrx_word' id='word_1_161' title='bbox 696 5047 797 5086; x_wconf 92' lang='lat' dir='ltr'><strong>nos</strong></span> <span class='ocrx_word' id='word_1_162' title='bbox 860 5030 1174 5100; x_wconf 83' lang='lat' dir='ltr'><strong>parabolam</strong></span> <span class='ocrx_word' id='word_1_163' title='bbox 1232 5029 1288 5084; x_wconf 90' lang='lat' dir='ltr'><strong>in</strong></span> 
     </span>
    </p>
   </div>
   <div class='ocr_carea' id='block_1_42' title="bbox 242 5101 1285 5173">
    <p class='ocr_par' dir='ltr' id='par_1_42' title="bbox 242 5101 1285 5173">
     <span class='ocr_line' id='line_1_43' title="bbox 242 5101 1285 5173; baseline -0.003 -16"><span class='ocrx_word' id='word_1_164' title='bbox 242 5104 519 5173; x_wconf 81' lang='lat' dir='ltr'><strong>gentibus,</strong></span> <span class='ocrx_word' id='word_1_165' title='bbox 548 5102 969 5158; x_wconf 88' lang='lat' dir='ltr'><strong>commotionem</strong></span> <span class='ocrx_word' id='word_1_166' title='bbox 996 5101 1189 5171; x_wconf 81' lang='lat' dir='ltr'><strong>capitis</strong></span> <span class='ocrx_word' id='word_1_167' title='bbox 1229 5101 1285 5155; x_wconf 88' lang='lat' dir='ltr'><strong>in</strong></span> 
     </span>
    </p>
   </div>
   <div class='ocr_carea' id='block_1_43' title="bbox 244 5173 515 5229">
    <p class='ocr_par' dir='ltr' id='par_1_43' title="bbox 244 5173 515 5229">
     <span class='ocr_line' id='line_1_44' title="bbox 244 5173 515 5229; baseline -0.007 -1"><span class='ocrx_word' id='word_1_168' title='bbox 244 5173 515 5229; x_wconf 88' lang='lat' dir='ltr'><strong>tribubus.</strong></span> 
     </span>
    </p>
   </div>
   <div class='ocr_carea' id='block_1_44' title="bbox 330 5405 1288 5477">
    <p class='ocr_par' dir='ltr' id='par_1_44' title="bbox 330 5405 1288 5477">
     <span class='ocr_line' id='line_1_45' title="bbox 330 5405 1288 5477; baseline 0.003 -21"><span class='ocrx_word' id='word_1_169' title='bbox 330 5405 405 5460; x_wconf 87' lang='lat' dir='ltr'><strong>l6.</strong></span> <span class='ocrx_word' id='word_1_170' title='bbox 434 5405 538 5461; x_wconf 89' lang='lat' dir='ltr'><strong>Per</strong></span> <span class='ocrx_word' id='word_1_171' title='bbox 567 5413 736 5460; x_wconf 89' lang='lat' dir='ltr'><strong>totam</strong></span> <span class='ocrx_word' id='word_1_172' title='bbox 763 5405 905 5461; x_wconf 91' lang='lat' dir='ltr'><strong>diem</strong></span> <span class='ocrx_word' id='word_1_173' title='bbox 937 5405 1288 5477; x_wconf 83' lang='lat' dir='ltr'><strong>opprobrium</strong></span> 
     </span>
    </p>
   </div>
   <div class='ocr_carea' id='block_1_45' title="bbox 244 5476 1292 5547">
    <p class='ocr_par' dir='ltr' id='par_1_45' title="bbox 244 5476 1292 5547">
     <span class='ocr_line' id='line_1_46' title="bbox 244 5476 1292 5547; baseline 0 -17"><span class='ocrx_word' id='word_1_174' title='bbox 244 5492 429 5531; x_wconf 85' lang='lat' dir='ltr'><strong>meum</strong></span> <span class='ocrx_word' id='word_1_175' title='bbox 464 5488 653 5530; x_wconf 88' lang='lat' dir='ltr'><strong>contra</strong></span> <span class='ocrx_word' id='word_1_176' title='bbox 689 5491 776 5530; x_wconf 85' lang='lat' dir='ltr'><strong>me</strong></span> <span class='ocrx_word' id='word_1_177' title='bbox 834 5484 939 5543; x_wconf 87' lang='lat' dir='ltr'><strong>est,</strong></span> <span class='ocrx_word' id='word_1_178' title='bbox 980 5476 1061 5531; x_wconf 44' lang='lat' dir='ltr'><strong>&#39;et</strong></span> <span class='ocrx_word' id='word_1_179' title='bbox 1112 5476 1292 5547; x_wconf 86' lang='lat' dir='ltr'><strong>pudor</strong></span> 
     </span>
    </p>
   </div>
   <div class='ocr_carea' id='block_1_46' title="bbox 245 5547 915 5617">
    <p class='ocr_par' dir='ltr' id='par_1_46' title="bbox 245 5547 915 5617">
     <span class='ocr_line' id='line_1_47' title="bbox 245 5547 915 5617; baseline -0.001 -15"><span class='ocrx_word' id='word_1_180' title='bbox 245 5547 430 5602; x_wconf 91' lang='lat' dir='ltr'><strong>vultus</strong></span> <span class='ocrx_word' id='word_1_181' title='bbox 468 5547 572 5601; x_wconf 91' lang='lat' dir='ltr'><strong>mei</strong></span> <span class='ocrx_word' id='word_1_182' title='bbox 598 5548 775 5617; x_wconf 88' lang='lat' dir='ltr'><strong>operit</strong></span> <span class='ocrx_word' id='word_1_183' title='bbox 808 5562 915 5601; x_wconf 87' lang='lat' dir='ltr'><strong>me.</strong></span> 
     </span>
    </p>
   </div>
   <div class='ocr_carea' id='block_1_47' title="bbox 327 5782 1291 5859">
    <p class='ocr_par' dir='ltr' id='par_1_47' title="bbox 327 5782 1291 5859">
     <span class='ocr_line' id='line_1_48' title="bbox 327 5782 1291 5859; baseline 0.003 -21"><span class='ocrx_word' id='word_1_184' title='bbox 327 5782 412 5840; x_wconf 83' lang='grc'><strong>17.</strong></span> <span class='ocrx_word' id='word_1_185' title='bbox 445 5784 490 5837; x_wconf 74' lang='grc' dir='ltr'><strong>Α</strong></span> <span class='ocrx_word' id='word_1_186' title='bbox 523 5796 651 5842; x_wconf 70' lang='lat' dir='ltr'><strong>roc’c</strong></span> <span class='ocrx_word' id='word_1_187' title='bbox 672 5785 1051 5858; x_wconf 84' lang='lat' dir='ltr'><strong>exprobrantis</strong></span> <span class='ocrx_word' id='word_1_188' title='bbox 1071 5783 1291 5859; x_wconf 81' lang='lat' dir='ltr'><strong>etblas-</strong></span> 
     </span>
    </p>
   </div>
   <div class='ocr_carea' id='block_1_48' title="bbox 1596 337 2138 399">
    <p class='ocr_par' dir='ltr' id='par_1_48' title="bbox 1596 337 2138 399">
     <span class='ocr_line' id='line_1_49' title="bbox 1596 337 2138 399; baseline 0.009 -5"><span class='ocrx_word' id='word_1_189' title='bbox 1596 337 1916 399; x_wconf 69' lang='lat' dir='ltr'><strong>PSALMUS</strong></span> <span class='ocrx_word' id='word_1_190' title='bbox 1951 342 2138 399; x_wconf 81' lang='lat' dir='ltr'><strong>XLIII.</strong></span> 
     </span>
    </p>
   </div>
   <div class='ocr_carea' id='block_1_49' title="bbox 1848 459 1944 525">
    <p class='ocr_par' dir='ltr' id='par_1_49' title="bbox 1848 459 1944 525">
     <span class='ocr_line' id='line_1_50' title="bbox 1848 459 1944 525; baseline 0 -14"><span class='ocrx_word' id='word_1_191' title='bbox 1848 459 1944 525; x_wconf 60' lang='lat' dir='ltr'><strong>on,</strong></span> 
     </span>
    </p>
   </div>
   <div class='ocr_carea' id='block_1_50' title="bbox 1421 620 2390 691">
    <p class='ocr_par' dir='ltr' id='par_1_50' title="bbox 1421 620 2390 691">
     <span class='ocr_line' id='line_1_51' title="bbox 1421 620 2390 691; baseline 0.006 -18"><span class='ocrx_word' id='word_1_192' title='bbox 1421 620 1506 674; x_wconf 87' lang='lat'><strong>10.</strong></span> <span class='ocrx_word' id='word_1_193' title='bbox 1539 620 1653 675; x_wconf 79' lang='grc' dir='ltr'><strong>Νῦν</strong></span> <span class='ocrx_word' id='word_1_194' title='bbox 1671 622 1727 675; x_wconf 83' lang='grc' dir='ltr'><strong>δὲ</strong></span> <span class='ocrx_word' id='word_1_195' title='bbox 1747 623 1969 678; x_wconf 85' lang='grc' dir='ltr'>ἀπώσω.</span> <span class='ocrx_word' id='word_1_196' title='bbox 2003 625 2237 691; x_wconf 80' lang='grc' dir='ltr'>Ἄλλος,</span> <span class='ocrx_word' id='word_1_197' title='bbox 2268 627 2390 679; x_wconf 85' lang='grc' dir='ltr'>καί-</span> 
     </span>
    </p>
   </div>
   <div class='ocr_carea' id='block_1_51' title="bbox 1350 691 2385 762">
    <p class='ocr_par' dir='ltr' id='par_1_51' title="bbox 1350 691 2385 762">
     <span class='ocr_line' id='line_1_52' title="bbox 1350 691 2385 762; baseline 0.01 -22"><span class='ocrx_word' id='word_1_198' title='bbox 1350 705 1454 762; x_wconf 79' lang='grc' dir='ltr'><strong>περ</strong></span> <span class='ocrx_word' id='word_1_199' title='bbox 1470 691 1692 762; x_wconf 81' lang='grc' dir='ltr'>ἀπώσω.</span> <span class='ocrx_word' id='word_1_200' title='bbox 1715 696 1948 760; x_wconf 80' lang='grc' dir='ltr'>Ἄλλος,</span> <span class='ocrx_word' id='word_1_201' title='bbox 1974 695 2133 762; x_wconf 85' lang='grc' dir='ltr'>καίγε</span> <span class='ocrx_word' id='word_1_202' title='bbox 2162 694 2385 749; x_wconf 86' lang='grc' dir='ltr'>ἀπώσω.</span> 
     </span>
    </p>
   </div>
   <div class='ocr_carea' id='block_1_52' title="bbox 1353 760 2386 833">
    <p class='ocr_par' dir='ltr' id='par_1_52' title="bbox 1353 760 2386 833">
     <span class='ocr_line' id='line_1_53' title="bbox 1353 760 2386 833; baseline 0.008 -22"><span class='ocrx_word' id='word_1_203' title='bbox 1353 760 1584 825; x_wconf 83' lang='grc' dir='ltr'>Ἄλλος,</span> <span class='ocrx_word' id='word_1_204' title='bbox 1610 761 1745 815; x_wconf 80' lang='grc' dir='ltr'>ἀλλὰ</span> <span class='ocrx_word' id='word_1_205' title='bbox 1776 765 1911 833; x_wconf 85' lang='grc' dir='ltr'>πρὸς</span> <span class='ocrx_word' id='word_1_206' title='bbox 1930 760 2139 828; x_wconf 80' lang='grc' dir='ltr'>τούτοις</span> <span class='ocrx_word' id='word_1_207' title='bbox 2162 764 2386 820; x_wconf 84' lang='grc' dir='ltr'>ἀπώσω.</span> 
     </span>
    </p>
   </div>
   <div class='ocr_carea' id='block_1_53' title="bbox 1418 851 2388 925">
    <p class='ocr_par' dir='ltr' id='par_1_53' title="bbox 1418 851 2388 925">
     <span class='ocr_line' id='line_1_54' title="bbox 1418 851 2388 925; baseline 0.008 -23"><span class='ocrx_word' id='word_1_208' title='bbox 1418 851 1653 925; x_wconf 20' lang='grc' dir='ltr'>Καὶλοὺκ</span> <span class='ocrx_word' id='word_1_209' title='bbox 1687 852 1942 925; x_wconf 80' lang='grc' dir='ltr'>ὲξελεύσῃ</span> <span class='ocrx_word' id='word_1_210' title='bbox 1973 857 2031 909; x_wconf 83' lang='grc' dir='ltr'>ὲν</span> <span class='ocrx_word' id='word_1_211' title='bbox 2061 857 2179 919; x_wconf 88' lang='grc' dir='ltr'>ταῖς</span> <span class='ocrx_word' id='word_1_212' title='bbox 2229 855 2388 910; x_wconf 86' lang='grc' dir='ltr'>δυνά-</span> 
     </span>
    </p>
   </div>
   <div class='ocr_carea' id='block_1_54' title="bbox 1349 922 1712 992">
    <p class='ocr_par' dir='ltr' id='par_1_54' title="bbox 1349 922 1712 992">
     <span class='ocr_line' id='line_1_55' title="bbox 1349 922 1712 992; baseline 0.011 -20"><span class='ocrx_word' id='word_1_213' title='bbox 1349 936 1503 989; x_wconf 85' lang='grc' dir='ltr'>μεσιν</span> <span class='ocrx_word' id='word_1_214' title='bbox 1533 922 1712 992; x_wconf 80' lang='grc' dir='ltr'>ἡμῶν.</span> 
     </span>
    </p>
   </div>
   <div class='ocr_carea' id='block_1_55' title="bbox 1416 1016 2390 1090">
    <p class='ocr_par' dir='ltr' id='par_1_55' title="bbox 1416 1016 2390 1090">
     <span class='ocr_line' id='line_1_56' title="bbox 1416 1016 2390 1090; baseline 0.005 -21"><span class='ocrx_word' id='word_1_215' title='bbox 1416 1016 1503 1070; x_wconf 90' lang='lat'><strong>11.</strong></span> <span class='ocrx_word' id='word_1_216' title='bbox 1524 1018 1893 1090; x_wconf 61' lang='grc' dir='ltr'>Ἀπέστρεψας</span> <span class='ocrx_word' id='word_1_217' title='bbox 1908 1021 2055 1090; x_wconf 82' lang='grc' dir='ltr'>ἡμᾶς</span> <span class='ocrx_word' id='word_1_218' title='bbox 2070 1022 2149 1084; x_wconf 79' lang='grc' dir='ltr'><strong>εἰς</strong></span> <span class='ocrx_word' id='word_1_219' title='bbox 2173 1022 2242 1074; x_wconf 83' lang='grc' dir='ltr'>τὰ</span> <span class='ocrx_word' id='word_1_220' title='bbox 2270 1021 2390 1074; x_wconf 83' lang='grc' dir='ltr'><strong>ὀπί-</strong></span> 
     </span>
    </p>
   </div>
   <div class='ocr_carea' id='block_1_56' title="bbox 1347 1086 2388 1161">
    <p class='ocr_par' dir='ltr' id='par_1_56' title="bbox 1347 1086 2388 1161">
     <span class='ocr_line' id='line_1_57' title="bbox 1347 1086 2388 1161; baseline 0.006 -24"><span class='ocrx_word' id='word_1_221' title='bbox 1347 1102 1423 1137; x_wconf 88' lang='grc' dir='ltr'><strong>σω</strong></span> <span class='ocrx_word' id='word_1_222' title='bbox 1449 1086 1600 1161; x_wconf 45' lang='grc' dir='ltr'>π-αρὰ</span> <span class='ocrx_word' id='word_1_223' title='bbox 1628 1086 2003 1161; x_wconf 19' lang='grc' dir='ltr'>τοὺςὲλχθροῦς</span> <span class='ocrx_word' id='word_1_224' title='bbox 2026 1091 2204 1161; x_wconf 83' lang='grc' dir='ltr'>ἡμῶν,</span> <span class='ocrx_word' id='word_1_225' title='bbox 2222 1092 2315 1143; x_wconf 76' lang='grc' dir='ltr'>καὶ</span> <span class='ocrx_word' id='word_1_226' title='bbox 2340 1093 2388 1143; x_wconf 80' lang='grc' dir='ltr'>οἱ</span> 
     </span>
    </p>
   </div>
   <div class='ocr_carea' id='block_1_57' title="bbox 1348 1156 2383 1229">
    <p class='ocr_par' dir='ltr' id='par_1_57' title="bbox 1348 1156 2383 1229">
     <span class='ocr_line' id='line_1_58' title="bbox 1348 1156 2383 1229; baseline 0.008 -23"><span class='ocrx_word' id='word_1_227' title='bbox 1348 1156 1628 1224; x_wconf 82' lang='grc' dir='ltr'>μισοῦντες</span> <span class='ocrx_word' id='word_1_228' title='bbox 1656 1156 2123 1229; x_wconf 16' lang='grc' dir='ltr'>ἡμᾶςλδιῆρπαξον</span> <span class='ocrx_word' id='word_1_229' title='bbox 2152 1162 2383 1223; x_wconf 76' lang='grc' dir='ltr'>ἑαυτοῖς.</span> 
     </span>
    </p>
   </div>
   <div class='ocr_carea' id='block_1_58' title="bbox 1416 1246 2385 1320">
    <p class='ocr_par' dir='ltr' id='par_1_58' title="bbox 1416 1246 2385 1320">
     <span class='ocr_line' id='line_1_59' title="bbox 1416 1246 2385 1320; baseline 0.005 -22"><span class='ocrx_word' id='word_1_230' title='bbox 1416 1246 1500 1320; x_wconf 77' lang='grc'>12.</span> <span class='ocrx_word' id='word_1_231' title='bbox 1528 1247 1775 1320; x_wconf 84' lang='grc' dir='ltr'>Ἔδωκας</span> <span class='ocrx_word' id='word_1_232' title='bbox 1810 1249 1957 1318; x_wconf 81' lang='grc' dir='ltr'><strong>ἡμᾶς</strong></span> <span class='ocrx_word' id='word_1_233' title='bbox 2006 1249 2109 1320; x_wconf 14' lang='grc' dir='ltr'><strong>ὼςί</strong></span> <span class='ocrx_word' id='word_1_234' title='bbox 2134 1250 2385 1320; x_wconf 78' lang='grc' dir='ltr'>πρόϐατα</span> 
     </span>
    </p>
   </div>
   <div class='ocr_carea' id='block_1_59' title="bbox 1345 1314 2389 1385">
    <p class='ocr_par' dir='ltr' id='par_1_59' title="bbox 1345 1314 2389 1385">
     <span class='ocr_line' id='line_1_60' title="bbox 1345 1314 2389 1385; baseline 0.008 -20"><span class='ocrx_word' id='word_1_235' title='bbox 1345 1314 1619 1385; x_wconf 86' lang='grc' dir='ltr'>βρώσεως,</span> <span class='ocrx_word' id='word_1_236' title='bbox 1672 1319 1764 1370; x_wconf 79' lang='grc' dir='ltr'><strong>καὶ</strong></span> <span class='ocrx_word' id='word_1_237' title='bbox 1804 1314 1863 1370; x_wconf 68' lang='grc' dir='ltr'><strong>ὲν</strong></span> <span class='ocrx_word' id='word_1_238' title='bbox 1904 1321 2018 1382; x_wconf 90' lang='grc' dir='ltr'>τοῖς</span> <span class='ocrx_word' id='word_1_239' title='bbox 2063 1314 2241 1373; x_wconf 72' lang='grc' dir='ltr'>ἔθνεσι</span> <span class='ocrx_word' id='word_1_240' title='bbox 2281 1320 2389 1373; x_wconf 81' lang='grc' dir='ltr'>διέ-</span> 
     </span>
    </p>
   </div>
   <div class='ocr_carea' id='block_1_60' title="bbox 1346 1390 1771 1457">
    <p class='ocr_par' dir='ltr' id='par_1_60' title="bbox 1346 1390 1771 1457">
     <span class='ocr_line' id='line_1_61' title="bbox 1346 1390 1771 1457; baseline 0.009 -21"><span class='ocrx_word' id='word_1_241' title='bbox 1346 1401 1572 1457; x_wconf 88' lang='grc' dir='ltr'>σπειρας</span> <span class='ocrx_word' id='word_1_242' title='bbox 1603 1390 1771 1457; x_wconf 81' lang='grc' dir='ltr'>ἡμᾶς.</span> 
     </span>
    </p>
   </div>
   <div class='ocr_carea' id='block_1_61' title="bbox 1415 1477 2386 1535">
    <p class='ocr_par' dir='ltr' id='par_1_61' title="bbox 1415 1477 2386 1535">
     <span class='ocr_line' id='line_1_62' title="bbox 1415 1477 2386 1535; baseline 0.003 -6"><span class='ocrx_word' id='word_1_243' title='bbox 1415 1477 1501 1530; x_wconf 78' lang='lat'><strong>1&#39;5.</strong></span> <span class='ocrx_word' id='word_1_244' title='bbox 1550 1479 1772 1531; x_wconf 84' lang='grc' dir='ltr'>Ἀπέδου</span> <span class='ocrx_word' id='word_1_245' title='bbox 1806 1480 1898 1533; x_wconf 76' lang='grc' dir='ltr'><strong>τὸν</strong></span> <span class='ocrx_word' id='word_1_246' title='bbox 1946 1480 2072 1534; x_wconf 85' lang='grc' dir='ltr'>λαόν</span> <span class='ocrx_word' id='word_1_247' title='bbox 2132 1497 2226 1533; x_wconf 92' lang='grc' dir='ltr'><strong>σου</strong></span> <span class='ocrx_word' id='word_1_248' title='bbox 2259 1482 2386 1535; x_wconf 81' lang='grc' dir='ltr'>ἄνευ</span> 
     </span>
    </p>
   </div>
   <div class='ocr_carea' id='block_1_62' title="bbox 1343 1546 2391 1673">
    <p class='ocr_par' dir='ltr' id='par_1_62' title="bbox 1343 1546 2391 1673">
     <span class='ocr_line' id='line_1_63' title="bbox 1343 1546 2391 1621; baseline 0.003 -23"><span class='ocrx_word' id='word_1_249' title='bbox 1343 1547 1531 1615; x_wconf 79' lang='grc' dir='ltr'>τιμῆς,</span> <span class='ocrx_word' id='word_1_250' title='bbox 1562 1550 1657 1601; x_wconf 73' lang='grc' dir='ltr'>καὶ</span> <span class='ocrx_word' id='word_1_251' title='bbox 1689 1550 1787 1601; x_wconf 85' lang='grc' dir='ltr'><strong>οὑκ</strong></span> <span class='ocrx_word' id='word_1_252' title='bbox 1824 1546 1893 1621; x_wconf 81' lang='grc' dir='ltr'>ἦν</span> <span class='ocrx_word' id='word_1_253' title='bbox 1937 1550 2141 1621; x_wconf 84' lang='grc' dir='ltr'>πλῆθος</span> <span class='ocrx_word' id='word_1_254' title='bbox 2187 1552 2245 1602; x_wconf 81' lang='grc' dir='ltr'>ὲν</span> <span class='ocrx_word' id='word_1_255' title='bbox 2278 1554 2391 1612; x_wconf 87' lang='grc' dir='ltr'>τοῖς</span> 
     </span>
     <span class='ocr_line' id='line_1_64' title="bbox 1349 1616 2390 1673; baseline 0.004 -4"><span class='ocrx_word' id='word_1_256' title='bbox 1349 1616 1897 1673; x_wconf 81' lang='grc' dir='ltr'>ἁλλὰγμασιναὺτῶν.</span> <span class='ocrx_word' id='word_1_257' title='bbox 1920 1622 2159 1673; x_wconf 67' lang='grc' dir='ltr'>Ἄλλος.</span> <span class='ocrx_word' id='word_1_258' title='bbox 2184 1620 2390 1673; x_wconf 76' lang='grc' dir='ltr'>πέπρα-</span> 
     </span>
    </p>
   </div>
   <div class='ocr_carea' id='block_1_63' title="bbox 1350 1635 2390 1761">
    <p class='ocr_par' dir='ltr' id='par_1_63' title="bbox 1350 1635 2390 1761">
     <span class='ocr_line' id='line_1_65' title="bbox 1350 1635 2390 1690; baseline 0.004 -21"><span class='ocrx_word' id='word_1_259' title='bbox 1350 1635 1897 1686; x_wconf 77' lang='grc' dir='ltr'>αΑΛαγμασιναυτων.</span> <span class='ocrx_word' id='word_1_260' title='bbox 1920 1635 2159 1685; x_wconf 71' lang='grc' dir='ltr'>Ἄλλος,</span> <span class='ocrx_word' id='word_1_261' title='bbox 2184 1635 2390 1690; x_wconf 78' lang='grc' dir='ltr'>πεπρα-</span> 
     </span>
     <span class='ocr_line' id='line_1_66' title="bbox 1350 1688 2223 1761; baseline 0.005 -23"><span class='ocrx_word' id='word_1_262' title='bbox 1350 1703 1467 1749; x_wconf 88' lang='grc' dir='ltr'>κας.</span> <span class='ocrx_word' id='word_1_263' title='bbox 1502 1689 1734 1753; x_wconf 80' lang='grc' dir='ltr'>Ἄλλος,</span> <span class='ocrx_word' id='word_1_264' title='bbox 1759 1691 1817 1741; x_wconf 83' lang='grc' dir='ltr'>ὲν</span> <span class='ocrx_word' id='word_1_265' title='bbox 1849 1690 1944 1759; x_wconf 84' lang='grc' dir='ltr'><strong>οὐχ</strong></span> <span class='ocrx_word' id='word_1_266' title='bbox 1971 1688 2223 1761; x_wconf 79' lang='grc' dir='ltr'>ὑπάρξει.</span> 
     </span>
    </p>
   </div>
   <div class='ocr_carea' id='block_1_64' title="bbox 1418 1779 2391 1850">
    <p class='ocr_par' dir='ltr' id='par_1_64' title="bbox 1418 1779 2391 1850">
     <span class='ocr_line' id='line_1_67' title="bbox 1418 1779 2391 1850; baseline 0.002 -20"><span class='ocrx_word' id='word_1_267' title='bbox 1418 1779 1502 1832; x_wconf 79' lang='grc'><strong>14.</strong></span> <span class='ocrx_word' id='word_1_268' title='bbox 1536 1780 1698 1833; x_wconf 85' lang='grc' dir='ltr'>Ἔθου</span> <span class='ocrx_word' id='word_1_269' title='bbox 1729 1782 1878 1850; x_wconf 79' lang='grc' dir='ltr'>ἡμᾶς</span> <span class='ocrx_word' id='word_1_270' title='bbox 1908 1781 2106 1844; x_wconf 78' lang='grc' dir='ltr'>ὄνειδος</span> <span class='ocrx_word' id='word_1_271' title='bbox 2135 1784 2248 1843; x_wconf 89' lang='grc' dir='ltr'>τοῖς</span> <span class='ocrx_word' id='word_1_272' title='bbox 2275 1780 2391 1849; x_wconf 84' lang='grc' dir='ltr'><strong>γεί-</strong></span> 
     </span>
    </p>
   </div>
   <div class='ocr_carea' id='block_1_65' title="bbox 1346 1850 2393 1973">
    <p class='ocr_par' dir='ltr' id='par_1_65' title="bbox 1346 1850 2393 1973">
     <span class='ocr_line' id='line_1_68' title="bbox 1346 1850 2393 1973; baseline 0.003 -73"><span class='ocrx_word' id='word_1_273' title='bbox 1346 1866 1493 1902; x_wconf 90' lang='grc' dir='ltr'>τοσιν</span> <span class='ocrx_word' id='word_1_274' title='bbox 1520 1850 1699 1919; x_wconf 83' lang='grc' dir='ltr'>ἡμῶν,</span> <span class='ocrx_word' id='word_1_275' title='bbox 1748 1852 2126 1973; x_wconf 50' lang='grc' dir='ltr'>μυκτηρισμὸν</span> <span class='ocrx_word' id='word_1_276' title='bbox 2171 1852 2264 1903; x_wconf 74' lang='grc' dir='ltr'>καὶ</span> <span class='ocrx_word' id='word_1_277' title='bbox 2293 1868 2393 1903; x_wconf 80' lang='grc' dir='ltr'>κα-</span> 
     </span>
     <span class='ocr_line' id='line_1_69' title="bbox 1346 1920 2391 1973; baseline 0.002 -2"><span class='ocrx_word' id='word_1_278' title='bbox 1346 1920 1629 1973; x_wconf 82' lang='grc' dir='ltr'>ταγέλωτα</span> <span class='ocrx_word' id='word_1_279' title='bbox 1669 1924 1781 1973; x_wconf 79' lang='grc' dir='ltr'>τοῖς</span> <span class='ocrx_word' id='word_1_280' title='bbox 1819 1920 1926 1973; x_wconf 82' lang='grc' dir='ltr'><strong>κύκ</strong></span> <span class='ocrx_word' id='word_1_281' title='bbox 1959 1939 2004 1972; x_wconf 86' lang='grc' dir='ltr'><strong>ω</strong></span> <span class='ocrx_word' id='word_1_282' title='bbox 2034 1921 2213 1973; x_wconf 70' lang='grc' dir='ltr'><strong>ἡμῶν.</strong></span> <span class='ocrx_word' id='word_1_283' title='bbox 2258 1922 2391 1973; x_wconf 79' lang='grc' dir='ltr'><strong>Ἀλ-</strong></span> 
     </span>
    </p>
   </div>
   <div class='ocr_carea' id='block_1_66' title="bbox 1344 1920 2391 1991">
    <p class='ocr_par' dir='ltr' id='par_1_66' title="bbox 1344 1920 2391 1991">
     <span class='ocr_line' id='line_1_70' title="bbox 1344 1920 2391 1991; baseline 0.003 -21"><span class='ocrx_word' id='word_1_284' title='bbox 1344 1920 1629 1986; x_wconf 82' lang='grc' dir='ltr'>ταγέλωτα</span> <span class='ocrx_word' id='word_1_285' title='bbox 1669 1924 1781 1983; x_wconf 88' lang='grc' dir='ltr'>τοῖς</span> <span class='ocrx_word' id='word_1_286' title='bbox 1819 1920 2004 1991; x_wconf 82' lang='grc' dir='ltr'>κύκλῳ</span> <span class='ocrx_word' id='word_1_287' title='bbox 2034 1921 2213 1991; x_wconf 84' lang='grc' dir='ltr'>ἡμῶν.</span> <span class='ocrx_word' id='word_1_288' title='bbox 2258 1922 2391 1973; x_wconf 80' lang='grc' dir='ltr'><strong>Ἀλ-</strong></span> 
     </span>
    </p>
   </div>
   <div class='ocr_carea' id='block_1_67' title="bbox 1345 1991 2388 2062">
    <p class='ocr_par' dir='ltr' id='par_1_67' title="bbox 1345 1991 2388 2062">
     <span class='ocr_line' id='line_1_71' title="bbox 1345 1991 2388 2062; baseline 0.007 -22"><span class='ocrx_word' id='word_1_289' title='bbox 1345 1992 1476 2062; x_wconf 55' lang='grc' dir='ltr'><strong>νξος,</strong></span> <span class='ocrx_word' id='word_1_290' title='bbox 1511 1991 1755 2062; x_wconf 71' lang='grc' dir='ltr'>πομπήν.</span> <span class='ocrx_word' id='word_1_291' title='bbox 1798 1992 1874 2055; x_wconf 91' lang='lat' dir='ltr'><strong>E&#39;,</strong></span> <span class='ocrx_word' id='word_1_292' title='bbox 1929 1991 2253 2062; x_wconf 78' lang='grc' dir='ltr'>χλευασμὸν.</span> <span class='ocrx_word' id='word_1_293' title='bbox 2297 1993 2388 2056; x_wconf 76' lang='grc' dir='ltr'><strong>εἷ’,</strong></span> 
     </span>
    </p>
   </div>
   <div class='ocr_carea' id='block_1_68' title="bbox 1347 2059 1815 2127">
    <p class='ocr_par' dir='ltr' id='par_1_68' title="bbox 1347 2059 1815 2127">
     <span class='ocr_line' id='line_1_72' title="bbox 1347 2059 1815 2127; baseline 0.006 -17"><span class='ocrx_word' id='word_1_294' title='bbox 1347 2059 1421 2121; x_wconf 90' lang='lat' dir='ltr'><strong>Z’,</strong></span> <span class='ocrx_word' id='word_1_295' title='bbox 1446 2060 1815 2127; x_wconf 79' lang='grc' dir='ltr'>καταγέλωτα.</span> 
     </span>
    </p>
   </div>
   <div class='ocr_carea' id='block_1_69' title="bbox 1406 2150 2391 2223">
    <p class='ocr_par' dir='ltr' id='par_1_69' title="bbox 1406 2150 2391 2223">
     <span class='ocr_line' id='line_1_73' title="bbox 1406 2150 2391 2223; baseline -0.003 -18"><span class='ocrx_word' id='word_1_296' title='bbox 1406 2152 1695 2223; x_wconf 73' lang='lat' dir='ltr'><strong>.15._&#39;_’E00u</strong></span> <span class='ocrx_word' id='word_1_297' title='bbox 1712 2154 1861 2223; x_wconf 80' lang='grc' dir='ltr'>ἡμᾶς</span> <span class='ocrx_word' id='word_1_298' title='bbox 1884 2154 1965 2216; x_wconf 77' lang='grc' dir='ltr'>εἰς</span> <span class='ocrx_word' id='word_1_299' title='bbox 1995 2150 2310 2223; x_wconf 64' lang='grc' dir='ltr'>παραϐολὴν</span> <span class='ocrx_word' id='word_1_300' title='bbox 2335 2152 2391 2223; x_wconf 69' lang='grc' dir='ltr'>ἐν</span> 
     </span>
    </p>
   </div>
   <div class='ocr_carea' id='block_1_70' title="bbox 1346 2220 2392 2293">
    <p class='ocr_par' dir='ltr' id='par_1_70' title="bbox 1346 2220 2392 2293">
     <span class='ocr_line' id='line_1_74' title="bbox 1346 2220 2392 2293; baseline -0.002 -18"><span class='ocrx_word' id='word_1_301' title='bbox 1346 2226 1458 2284; x_wconf 87' lang='grc' dir='ltr'>τοῖς</span> <span class='ocrx_word' id='word_1_302' title='bbox 1503 2221 1702 2293; x_wconf 67' lang='grc' dir='ltr'>ἔθνεσι,</span> <span class='ocrx_word' id='word_1_303' title='bbox 1734 2220 1977 2293; x_wconf 54' lang='lat' dir='ltr'><strong>&quot;ximam</strong></span> <span class='ocrx_word' id='word_1_304' title='bbox 2031 2220 2276 2293; x_wconf 74' lang='grc' dir='ltr'>κεφαλῆς</span> <span class='ocrx_word' id='word_1_305' title='bbox 2334 2222 2392 2273; x_wconf 81' lang='grc' dir='ltr'>ὲν</span> 
     </span>
    </p>
   </div>
   <div class='ocr_carea' id='block_1_71' title="bbox 1345 2292 2389 2361">
    <p class='ocr_par' dir='ltr' id='par_1_71' title="bbox 1345 2292 2389 2361">
     <span class='ocr_line' id='line_1_75' title="bbox 1345 2292 2389 2361; baseline 0 -17"><span class='ocrx_word' id='word_1_306' title='bbox 1345 2294 1456 2354; x_wconf 87' lang='grc' dir='ltr'>τοῖς</span> <span class='ocrx_word' id='word_1_307' title='bbox 1520 2292 1687 2354; x_wconf 90' lang='grc' dir='ltr'>λαοῖς.</span> <span class='ocrx_word' id='word_1_308' title='bbox 1722 2292 1934 2357; x_wconf 82' lang='grc' dir='ltr'>Ἄλλος</span> <span class='ocrx_word' id='word_1_309' title='bbox 1956 2331 1972 2354; x_wconf 92' lang='grc'><strong>,</strong></span> <span class='ocrx_word' id='word_1_310' title='bbox 2007 2294 2086 2354; x_wconf 78' lang='grc' dir='ltr'><strong>εἰς</strong></span> <span class='ocrx_word' id='word_1_311' title='bbox 2117 2292 2389 2361; x_wconf 80' lang='grc' dir='ltr'>διήγησιν.</span> 
     </span>
    </p>
   </div>
   <div class='ocr_carea' id='block_1_72' title="bbox 1348 2363 2001 2432">
    <p class='ocr_par' dir='ltr' id='par_1_72' title="bbox 1348 2363 2001 2432">
     <span class='ocr_line' id='line_1_76' title="bbox 1348 2363 2001 2432; baseline 0 -17"><span class='ocrx_word' id='word_1_312' title='bbox 1348 2364 1582 2427; x_wconf 71' lang='grc' dir='ltr'><strong>¹Ἄλλος,</strong></span> <span class='ocrx_word' id='word_1_313' title='bbox 1627 2363 1893 2432; x_wconf 84' lang='grc' dir='ltr'>μετακίνη</span> <span class='ocrx_word' id='word_1_314' title='bbox 1905 2379 2001 2432; x_wconf 82' lang='grc' dir='ltr'><strong>μα.</strong></span> 
     </span>
    </p>
   </div>
   <div class='ocr_carea' id='block_1_73' title="bbox 1370 2452 2392 2524">
    <p class='ocr_par' dir='ltr' id='par_1_73' title="bbox 1370 2452 2392 2524">
     <span class='ocr_line' id='line_1_77' title="bbox 1370 2452 2392 2524; baseline -0.002 -19"><span class='ocrx_word' id='word_1_315' title='bbox 1370 2452 1631 2524; x_wconf 75' lang='grc' dir='ltr'><strong>16.”υλην</strong></span> <span class='ocrx_word' id='word_1_316' title='bbox 1647 2454 1746 2524; x_wconf 83' lang='grc' dir='ltr'>τὴν</span> <span class='ocrx_word' id='word_1_317' title='bbox 1762 2453 1975 2523; x_wconf 77' lang='grc' dir='ltr'>ἡμέραν</span> <span class='ocrx_word' id='word_1_318' title='bbox 1989 2454 2021 2523; x_wconf 83' lang='grc' dir='ltr'>ἡ</span> <span class='ocrx_word' id='word_1_319' title='bbox 2040 2452 2272 2524; x_wconf 79' lang='grc' dir='ltr'>ἐντροπὴ</span> <span class='ocrx_word' id='word_1_320' title='bbox 2293 2468 2392 2524; x_wconf 72' lang='grc' dir='ltr'><strong>μου</strong></span> 
     </span>
    </p>
   </div>
   <div class='ocr_carea' id='block_1_74' title="bbox 1344 2521 2393 2592">
    <p class='ocr_par' dir='ltr' id='par_1_74' title="bbox 1344 2521 2393 2592">
     <span class='ocr_line' id='line_1_78' title="bbox 1344 2521 2393 2592; baseline -0.002 -17"><span class='ocrx_word' id='word_1_321' title='bbox 1344 2521 1686 2575; x_wconf 82' lang='grc' dir='ltr'>κατεναντίον</span> <span class='ocrx_word' id='word_1_322' title='bbox 1703 2521 1813 2592; x_wconf 67' lang='grc' dir='ltr'><strong>μου</strong></span> <span class='ocrx_word' id='word_1_323' title='bbox 1835 2521 1972 2585; x_wconf 70' lang='grc' dir='ltr'>ἐστὶ,</span> <span class='ocrx_word' id='word_1_324' title='bbox 1999 2521 2093 2575; x_wconf 78' lang='grc' dir='ltr'><strong>καὶ</strong></span> <span class='ocrx_word' id='word_1_325' title='bbox 2109 2521 2146 2592; x_wconf 13' lang='grc' dir='ltr'>ἡὴ</span> <span class='ocrx_word' id='word_1_326' title='bbox 2163 2521 2393 2591; x_wconf 83' lang='grc' dir='ltr'><strong>αἰσχύνη</strong></span> 
     </span>
    </p>
   </div>
   <div class='ocr_carea' id='block_1_75' title="bbox 1341 2592 2291 2662">
    <p class='ocr_par' dir='ltr' id='par_1_75' title="bbox 1341 2592 2291 2662">
     <span class='ocr_line' id='line_1_79' title="bbox 1341 2592 2291 2662; baseline -0.003 -17"><span class='ocrx_word' id='word_1_327' title='bbox 1341 2592 1435 2645; x_wconf 78' lang='grc' dir='ltr'><strong>τοῦ</strong></span> <span class='ocrx_word' id='word_1_328' title='bbox 1474 2592 1763 2662; x_wconf 91' lang='grc' dir='ltr'>προσώπου</span> <span class='ocrx_word' id='word_1_329' title='bbox 1801 2610 1903 2662; x_wconf 89' lang='grc' dir='ltr'><strong>μου</strong></span> <span class='ocrx_word' id='word_1_330' title='bbox 1934 2592 2170 2661; x_wconf 76' lang='grc' dir='ltr'>ἐκάλυψὲ</span> <span class='ocrx_word' id='word_1_331' title='bbox 2202 2608 2291 2660; x_wconf 85' lang='grc' dir='ltr'>με.</span> 
     </span>
    </p>
   </div>
   <div class='ocr_carea' id='block_1_76' title="bbox 1414 2682 2384 2755">
    <p class='ocr_par' dir='ltr' id='par_1_76' title="bbox 1414 2682 2384 2755">
     <span class='ocr_line' id='line_1_80' title="bbox 1414 2682 2384 2755; baseline -0.004 -17"><span class='ocrx_word' id='word_1_332' title='bbox 1414 2686 1499 2755; x_wconf 83' lang='lat'><strong>17.</strong></span> <span class='ocrx_word' id='word_1_333' title='bbox 1552 2686 1684 2737; x_wconf 86' lang='grc' dir='ltr'>Ἀπὸ</span> <span class='ocrx_word' id='word_1_334' title='bbox 1713 2685 1895 2755; x_wconf 82' lang='grc' dir='ltr'>φωνῆς</span> <span class='ocrx_word' id='word_1_335' title='bbox 1924 2683 2268 2755; x_wconf 78' lang='grc' dir='ltr'>ὀνειδίζοντος</span> <span class='ocrx_word' id='word_1_336' title='bbox 2290 2682 2384 2755; x_wconf 77' lang='grc' dir='ltr'>καὶ</span> 
     </span>
    </p>
   </div>
   <div class='ocr_carea' id='block_1_77' title="bbox 1341 2753 2380 2826">
    <p class='ocr_par' dir='ltr' id='par_1_77' title="bbox 1341 2753 2380 2826">
     <span class='ocr_line' id='line_1_81' title="bbox 1341 2753 2380 2826; baseline -0.004 -19"><span class='ocrx_word' id='word_1_337' title='bbox 1341 2754 1798 2826; x_wconf 80' lang='grc' dir='ltr'>παραλαλοῡντος,</span> <span class='ocrx_word' id='word_1_338' title='bbox 1820 2753 1928 2807; x_wconf 72' lang='grc' dir='ltr'>ἀπὸ</span> <span class='ocrx_word' id='word_1_339' title='bbox 1967 2753 2259 2825; x_wconf 90' lang='grc' dir='ltr'>προσώπου</span> <span class='ocrx_word' id='word_1_340' title='bbox 2290 2754 2380 2822; x_wconf 83' lang='grc' dir='ltr'><strong>ὲχ-</strong></span> 
     </span>
    </p>
   </div>
   <div class='ocr_carea' id='block_1_78' title="bbox 1341 2823 1993 2896">
    <p class='ocr_par' dir='ltr' id='par_1_78' title="bbox 1341 2823 1993 2896">
     <span class='ocr_line' id='line_1_82' title="bbox 1341 2823 1993 2896; baseline 0 -19"><span class='ocrx_word' id='word_1_341' title='bbox 1341 2823 1471 2896; x_wconf 81' lang='grc' dir='ltr'>θροῦ</span> <span class='ocrx_word' id='word_1_342' title='bbox 1496 2826 1588 2879; x_wconf 75' lang='grc' dir='ltr'><strong>καὶ</strong></span> <span class='ocrx_word' id='word_1_343' title='bbox 1622 2823 1993 2887; x_wconf 81' lang='grc' dir='ltr'>ὲκδιώκοντος.</span> 
     </span>
    </p>
   </div>
   <div class='ocr_carea' id='block_1_79' title="bbox 1522 2913 2204 2971">
    <p class='ocr_par' dir='ltr' id='par_1_79' title="bbox 1522 2913 2204 2971">
     <span class='ocr_line' id='line_1_83' title="bbox 1522 2913 2204 2971; baseline -0.001 -1"><span class='ocrx_word' id='word_1_344' title='bbox 1522 2916 1665 2971; x_wconf 82' lang='lat' dir='ltr'><strong>LXX</strong></span> <span class='ocrx_word' id='word_1_345' title='bbox 1701 2913 2204 2971; x_wconf 82' lang='lat' dir='ltr'><strong>INTERPRETES.</strong></span> 
     </span>
    </p>
   </div>
   <div class='ocr_carea' id='block_1_80' title="bbox 1420 3008 2388 3081">
    <p class='ocr_par' dir='ltr' id='par_1_80' title="bbox 1420 3008 2388 3081">
     <span class='ocr_line' id='line_1_84' title="bbox 1420 3008 2388 3081; baseline -0.002 -17"><span class='ocrx_word' id='word_1_346' title='bbox 1420 3011 1509 3065; x_wconf 89' lang='lat'><strong>10.</strong></span> <span class='ocrx_word' id='word_1_347' title='bbox 1538 3010 1694 3066; x_wconf 82' lang='lat' dir='ltr'><strong>Nunc</strong></span> <span class='ocrx_word' id='word_1_348' title='bbox 1718 3022 1897 3066; x_wconf 89' lang='lat' dir='ltr'><strong>autem</strong></span> <span class='ocrx_word' id='word_1_349' title='bbox 1922 3010 2188 3081; x_wconf 88' lang='lat' dir='ltr'><strong>repulisti.</strong></span> <span class='ocrx_word' id='word_1_350' title='bbox 2219 3008 2388 3073; x_wconf 80' lang='lat' dir='ltr'><strong>Alius,</strong></span> 
     </span>
    </p>
   </div>
   <div class='ocr_carea' id='block_1_81' title="bbox 1348 3080 2395 3151">
    <p class='ocr_par' dir='ltr' id='par_1_81' title="bbox 1348 3080 2395 3151">
     <span class='ocr_line' id='line_1_85' title="bbox 1348 3080 2395 3151; baseline -0.002 -17"><span class='ocrx_word' id='word_1_351' title='bbox 1348 3089 1404 3135; x_wconf 91' lang='lat' dir='ltr'><strong>et</strong></span> <span class='ocrx_word' id='word_1_352' title='bbox 1452 3082 1643 3150; x_wconf 84' lang='lat' dir='ltr'><strong>utique</strong></span> <span class='ocrx_word' id='word_1_353' title='bbox 1684 3082 1950 3151; x_wconf 85' lang='lat' dir='ltr'><strong>repulisti.</strong></span> <span class='ocrx_word' id='word_1_354' title='bbox 1984 3080 2159 3140; x_wconf 70' lang='lat' dir='ltr'><strong>Alius.</strong></span> <span class='ocrx_word' id='word_1_355' title='bbox 2182 3081 2257 3151; x_wconf 70' lang='lat' dir='ltr'><strong>id.</strong></span> <span class='ocrx_word' id='word_1_356' title='bbox 2292 3080 2395 3133; x_wconf 80' lang='lat' dir='ltr'><strong>ali-</strong></span> 
     </span>
    </p>
   </div>
   <div class='ocr_carea' id='block_1_82' title="bbox 1352 3150 2320 3221">
    <p class='ocr_par' dir='ltr' id='par_1_82' title="bbox 1352 3150 2320 3221">
     <span class='ocr_line' id='line_1_86' title="bbox 1352 3150 2320 3221; baseline -0.001 -18"><span class='ocrx_word' id='word_1_357' title='bbox 1352 3160 1447 3205; x_wconf 85' lang='lat' dir='ltr'><strong>ter.</strong></span> <span class='ocrx_word' id='word_1_358' title='bbox 1487 3153 1663 3217; x_wconf 79' lang='lat' dir='ltr'><strong>Alius,</strong></span> <span class='ocrx_word' id='word_1_359' title='bbox 1694 3150 1788 3207; x_wconf 87' lang='lat' dir='ltr'><strong>sed</strong></span> <span class='ocrx_word' id='word_1_360' title='bbox 1818 3152 1885 3206; x_wconf 91' lang='lat' dir='ltr'><strong>ad</strong></span> <span class='ocrx_word' id='word_1_361' title='bbox 1910 3153 2025 3215; x_wconf 72' lang='lat' dir='ltr'><strong>haec</strong></span> <span class='ocrx_word' id='word_1_362' title='bbox 2049 3150 2320 3221; x_wconf 87' lang='lat' dir='ltr'><strong>repulisti.</strong></span> 
     </span>
    </p>
   </div>
   <div class='ocr_carea' id='block_1_83' title="bbox 1419 3240 2395 3323">
    <p class='ocr_par' dir='ltr' id='par_1_83' title="bbox 1419 3240 2395 3323">
     <span class='ocr_line' id='line_1_87' title="bbox 1419 3240 2395 3323; baseline -0.001 -28"><span class='ocrx_word' id='word_1_363' title='bbox 1419 3242 1623 3323; x_wconf 38' lang='lat' dir='ltr'><strong>Et..non</strong></span> <span class='ocrx_word' id='word_1_364' title='bbox 1668 3244 1964 3314; x_wconf 81' lang='lat' dir='ltr'><strong>egredieris</strong></span> <span class='ocrx_word' id='word_1_365' title='bbox 2013 3243 2068 3296; x_wconf 92' lang='lat' dir='ltr'><strong>in</strong></span> <span class='ocrx_word' id='word_1_366' title='bbox 2100 3240 2395 3296; x_wconf 88' lang='lat' dir='ltr'><strong>virtutibus</strong></span> 
     </span>
    </p>
   </div>
   <div class='ocr_carea' id='block_1_84' title="bbox 1350 3322 1574 3368">
    <p class='ocr_par' dir='ltr' id='par_1_84' title="bbox 1350 3322 1574 3368">
     <span class='ocr_line' id='line_1_88' title="bbox 1350 3322 1574 3368; baseline 0.009 -2"><span class='ocrx_word' id='word_1_367' title='bbox 1350 3322 1574 3368; x_wconf 66' lang='lat' dir='ltr'><strong>DOSH‘lS.</strong></span> 
     </span>
    </p>
   </div>
   <div class='ocr_carea' id='block_1_85' title="bbox 1429 3404 2398 3471">
    <p class='ocr_par' dir='ltr' id='par_1_85' title="bbox 1429 3404 2398 3471">
     <span class='ocr_line' id='line_1_89' title="bbox 1429 3404 2398 3471; baseline -0.001 -14"><span class='ocrx_word' id='word_1_368' title='bbox 1429 3405 1513 3457; x_wconf 86' lang='lat'><strong>11.</strong></span> <span class='ocrx_word' id='word_1_369' title='bbox 1542 3404 1799 3458; x_wconf 80' lang='lat' dir='ltr'><strong>AvertiSti</strong></span> <span class='ocrx_word' id='word_1_370' title='bbox 1827 3418 1927 3459; x_wconf 91' lang='lat' dir='ltr'><strong>nos</strong></span> <span class='ocrx_word' id='word_1_371' title='bbox 1956 3412 2255 3459; x_wconf 85' lang='lat' dir='ltr'><strong>retrorsum</strong></span> <span class='ocrx_word' id='word_1_372' title='bbox 2274 3409 2398 3471; x_wconf 91' lang='lat' dir='ltr'><strong>post</strong></span> 
     </span>
    </p>
   </div>
   <div class='ocr_carea' id='block_1_86' title="bbox 1352 3474 2399 3543">
    <p class='ocr_par' dir='ltr' id='par_1_86' title="bbox 1352 3474 2399 3543">
     <span class='ocr_line' id='line_1_90' title="bbox 1352 3474 2399 3543; baseline 0 -17"><span class='ocrx_word' id='word_1_373' title='bbox 1352 3474 1605 3529; x_wconf 89' lang='lat' dir='ltr'><strong>inimicos</strong></span> <span class='ocrx_word' id='word_1_374' title='bbox 1635 3483 1877 3539; x_wconf 89' lang='lat' dir='ltr'><strong>nostros,</strong></span> <span class='ocrx_word' id='word_1_375' title='bbox 1929 3483 1979 3528; x_wconf 88' lang='lat' dir='ltr'><strong>et</strong></span> <span class='ocrx_word' id='word_1_376' title='bbox 2031 3474 2123 3543; x_wconf 93' lang='lat' dir='ltr'><strong>qui</strong></span> <span class='ocrx_word' id='word_1_377' title='bbox 2161 3475 2399 3529; x_wconf 88' lang='lat' dir='ltr'><strong>oderunt</strong></span> 
     </span>
    </p>
   </div>
   <div class='ocr_carea' id='block_1_87' title="bbox 1352 3543 1957 3614">
    <p class='ocr_par' dir='ltr' id='par_1_87' title="bbox 1352 3543 1957 3614">
     <span class='ocr_line' id='line_1_91' title="bbox 1352 3543 1957 3614; baseline 0 -17"><span class='ocrx_word' id='word_1_378' title='bbox 1352 3559 1451 3599; x_wconf 87' lang='lat' dir='ltr'><strong>nos</strong></span> <span class='ocrx_word' id='word_1_379' title='bbox 1481 3544 1809 3614; x_wconf 83' lang='lat' dir='ltr'><strong>diripiebant</strong></span> <span class='ocrx_word' id='word_1_380' title='bbox 1832 3543 1957 3598; x_wconf 89' lang='lat' dir='ltr'><strong>sibi.</strong></span> 
     </span>
    </p>
   </div>
   <div class='ocr_carea' id='block_1_88' title="bbox 1426 3775 2398 3844">
    <p class='ocr_par' dir='ltr' id='par_1_88' title="bbox 1426 3775 2398 3844">
     <span class='ocr_line' id='line_1_92' title="bbox 1426 3775 2398 3844; baseline 0.001 -13"><span class='ocrx_word' id='word_1_381' title='bbox 1426 3777 1514 3831; x_wconf 72' lang='lat'><strong>12.</strong></span> <span class='ocrx_word' id='word_1_382' title='bbox 1570 3775 1775 3832; x_wconf 90' lang='lat' dir='ltr'><strong>Dedisti</strong></span> <span class='ocrx_word' id='word_1_383' title='bbox 1827 3790 1929 3831; x_wconf 90' lang='lat' dir='ltr'><strong>nos</strong></span> <span class='ocrx_word' id='word_1_384' title='bbox 1967 3785 2228 3844; x_wconf 88' lang='lat' dir='ltr'><strong>tanquam</strong></span> <span class='ocrx_word' id='word_1_385' title='bbox 2268 3790 2398 3832; x_wconf 87' lang='lat' dir='ltr'><strong>oves</strong></span> 
     </span>
    </p>
   </div>
   <div class='ocr_carea' id='block_1_89' title="bbox 1351 3846 2398 3917">
    <p class='ocr_par' dir='ltr' id='par_1_89' title="bbox 1351 3846 2398 3917">
     <span class='ocr_line' id='line_1_93' title="bbox 1351 3846 2398 3917; baseline -0.003 -14"><span class='ocrx_word' id='word_1_386' title='bbox 1351 3862 1624 3913; x_wconf 87' lang='lat' dir='ltr'><strong>escarum,</strong></span> <span class='ocrx_word' id='word_1_387' title='bbox 1657 3857 1710 3903; x_wconf 90' lang='lat' dir='ltr'><strong>et</strong></span> <span class='ocrx_word' id='word_1_388' title='bbox 1740 3848 1793 3901; x_wconf 91' lang='lat' dir='ltr'><strong>in</strong></span> <span class='ocrx_word' id='word_1_389' title='bbox 1818 3847 2071 3917; x_wconf 78' lang='lat' dir='ltr'><strong>gentibus</strong></span> <span class='ocrx_word' id='word_1_390' title='bbox 2098 3846 2398 3916; x_wconf 89' lang='lat' dir='ltr'><strong>dispersisti</strong></span> 
     </span>
    </p>
   </div>
   <div class='ocr_carea' id='block_1_90' title="bbox 1352 3933 1474 3974">
    <p class='ocr_par' dir='ltr' id='par_1_90' title="bbox 1352 3933 1474 3974">
     <span class='ocr_line' id='line_1_94' title="bbox 1352 3933 1474 3974; baseline 0.008 -1"><span class='ocrx_word' id='word_1_391' title='bbox 1352 3933 1474 3974; x_wconf 87' lang='lat' dir='ltr'><strong>nos.</strong></span> 
     </span>
    </p>
   </div>
   <div class='ocr_carea' id='block_1_91' title="bbox 1433 4148 2397 4221">
    <p class='ocr_par' dir='ltr' id='par_1_91' title="bbox 1433 4148 2397 4221">
     <span class='ocr_line' id='line_1_95' title="bbox 1433 4148 2397 4221; baseline 0.003 -18"><span class='ocrx_word' id='word_1_392' title='bbox 1433 4150 1519 4204; x_wconf 78' lang='lat'><strong>15.</strong></span> <span class='ocrx_word' id='word_1_393' title='bbox 1568 4148 1871 4207; x_wconf 83' lang='lat' dir='ltr'><strong>Vendidisti</strong></span> <span class='ocrx_word' id='word_1_394' title='bbox 1931 4150 2194 4221; x_wconf 90' lang='lat' dir='ltr'><strong>populum</strong></span> <span class='ocrx_word' id='word_1_395' title='bbox 2243 4159 2397 4206; x_wconf 88' lang='lat' dir='ltr'><strong>tuum</strong></span> 
     </span>
    </p>
   </div>
   <div class='ocr_carea' id='block_1_92' title="bbox 1357 4219 2399 4289">
    <p class='ocr_par' dir='ltr' id='par_1_92' title="bbox 1357 4219 2399 4289">
     <span class='ocr_line' id='line_1_96' title="bbox 1357 4219 2399 4289; baseline 0.002 -16"><span class='ocrx_word' id='word_1_396' title='bbox 1357 4219 1477 4273; x_wconf 87' lang='lat' dir='ltr'><strong>sine</strong></span> <span class='ocrx_word' id='word_1_397' title='bbox 1501 4221 1696 4289; x_wconf 87' lang='lat' dir='ltr'><strong>pretio,</strong></span> <span class='ocrx_word' id='word_1_398' title='bbox 1729 4230 1782 4275; x_wconf 89' lang='lat' dir='ltr'><strong>et</strong></span> <span class='ocrx_word' id='word_1_399' title='bbox 1828 4219 2072 4276; x_wconf 49' lang='lat' dir='ltr'><strong>non—fuit</strong></span> <span class='ocrx_word' id='word_1_400' title='bbox 2106 4222 2399 4276; x_wconf 88' lang='lat' dir='ltr'><strong>multitudo</strong></span> 
     </span>
    </p>
   </div>
   <div class='ocr_carea' id='block_1_93' title="bbox 1356 4290 2397 4358">
    <p class='ocr_par' dir='ltr' id='par_1_93' title="bbox 1356 4290 2397 4358">
     <span class='ocr_line' id='line_1_97' title="bbox 1356 4290 2397 4358; baseline 0.001 -16"><span class='ocrx_word' id='word_1_401' title='bbox 1356 4290 1411 4343; x_wconf 90' lang='lat' dir='ltr'><strong>in</strong></span> <span class='ocrx_word' id='word_1_402' title='bbox 1440 4291 1963 4347; x_wconf 81' lang='lat' dir='ltr'><strong>commutationibus</strong></span> <span class='ocrx_word' id='word_1_403' title='bbox 1989 4307 2199 4346; x_wconf 89' lang='lat' dir='ltr'><strong>eorum.</strong></span> <span class='ocrx_word' id='word_1_404' title='bbox 2226 4293 2397 4358; x_wconf 72' lang='lat' dir='ltr'><strong>Alius,</strong></span> 
     </span>
    </p>
   </div>
   <div class='ocr_carea' id='block_1_94' title="bbox 1356 4360 2401 4439">
    <p class='ocr_par' dir='ltr' id='par_1_94' title="bbox 1356 4360 2401 4439">
     <span class='ocr_line' id='line_1_98' title="bbox 1356 4360 2401 4439; baseline 0.002 -26"><span class='ocrx_word' id='word_1_405' title='bbox 1356 4360 1665 4439; x_wconf 68' lang='lat' dir='ltr'><strong>vendidisti.</strong></span> <span class='ocrx_word' id='word_1_406' title='bbox 1700 4361 1851 4415; x_wconf 79' lang='lat' dir='ltr'><strong>Alius</strong></span> <span class='ocrx_word' id='word_1_407' title='bbox 1872 4401 1887 4426; x_wconf 96' lang='lat'><strong>,</strong></span> <span class='ocrx_word' id='word_1_408' title='bbox 1921 4363 1977 4416; x_wconf 92' lang='lat' dir='ltr'><strong>in</strong></span> <span class='ocrx_word' id='word_1_409' title='bbox 2009 4377 2120 4417; x_wconf 91' lang='lat' dir='ltr'><strong>non</strong></span> <span class='ocrx_word' id='word_1_410' title='bbox 2149 4362 2401 4417; x_wconf 82' lang='lat' dir='ltr'><strong>substan-</strong></span> 
     </span>
    </p>
   </div>
   <div class='ocr_carea' id='block_1_95' title="bbox 1357 4438 1453 4484">
    <p class='ocr_par' dir='ltr' id='par_1_95' title="bbox 1357 4438 1453 4484">
     <span class='ocr_line' id='line_1_99' title="bbox 1357 4438 1453 4484; baseline 0.01 -1"><span class='ocrx_word' id='word_1_411' title='bbox 1357 4438 1453 4484; x_wconf 82' lang='lat' dir='ltr'><strong>tia.</strong></span> 
     </span>
    </p>
   </div>
   <div class='ocr_carea' id='block_1_96' title="bbox 1428 4521 2403 4592">
    <p class='ocr_par' dir='ltr' id='par_1_96' title="bbox 1428 4521 2403 4592">
     <span class='ocr_line' id='line_1_100' title="bbox 1428 4521 2403 4592; baseline 0.003 -18"><span class='ocrx_word' id='word_1_412' title='bbox 1428 4522 1516 4577; x_wconf 88' lang='grc'><strong>14.</strong></span> <span class='ocrx_word' id='word_1_413' title='bbox 1546 4521 1785 4577; x_wconf 86' lang='lat' dir='ltr'><strong>Posuisti</strong></span> <span class='ocrx_word' id='word_1_414' title='bbox 1813 4538 1914 4577; x_wconf 91' lang='lat' dir='ltr'><strong>nos</strong></span> <span class='ocrx_word' id='word_1_415' title='bbox 1946 4522 2298 4592; x_wconf 86' lang='lat' dir='ltr'><strong>opprobrium</strong></span> <span class='ocrx_word' id='word_1_416' title='bbox 2321 4525 2403 4577; x_wconf 86' lang='lat' dir='ltr'><strong>vi-</strong></span> 
     </span>
    </p>
   </div>
   <div class='ocr_carea' id='block_1_97' title="bbox 1358 4593 2403 4658">
    <p class='ocr_par' dir='ltr' id='par_1_97' title="bbox 1358 4593 2403 4658">
     <span class='ocr_line' id='line_1_101' title="bbox 1358 4593 2403 4658; baseline 0.002 -13"><span class='ocrx_word' id='word_1_417' title='bbox 1358 4594 1497 4646; x_wconf 90' lang='lat' dir='ltr'><strong>cinis</strong></span> <span class='ocrx_word' id='word_1_418' title='bbox 1546 4594 1749 4647; x_wconf 88' lang='lat' dir='ltr'><strong>nostris</strong></span> <span class='ocrx_word' id='word_1_419' title='bbox 1773 4633 1788 4658; x_wconf 92' lang='lat'><strong>,</strong></span> <span class='ocrx_word' id='word_1_420' title='bbox 1829 4593 2313 4647; x_wconf 84' lang='lat' dir='ltr'><strong>subsannationem</strong></span> <span class='ocrx_word' id='word_1_421' title='bbox 2350 4603 2403 4647; x_wconf 86' lang='lat' dir='ltr'><strong>et</strong></span> 
     </span>
    </p>
   </div>
   <div class='ocr_carea' id='block_1_98' title="bbox 1358 4662 2402 4731">
    <p class='ocr_par' dir='ltr' id='par_1_98' title="bbox 1358 4662 2402 4731">
     <span class='ocr_line' id='line_1_102' title="bbox 1358 4662 2402 4731; baseline 0 -15"><span class='ocrx_word' id='word_1_422' title='bbox 1358 4662 1601 4716; x_wconf 90' lang='lat' dir='ltr'><strong>derisum</strong></span> <span class='ocrx_word' id='word_1_423' title='bbox 1644 4663 1711 4717; x_wconf 92' lang='lat' dir='ltr'><strong>iis</strong></span> <span class='ocrx_word' id='word_1_424' title='bbox 1757 4662 1851 4731; x_wconf 91' lang='lat' dir='ltr'><strong>qui</strong></span> <span class='ocrx_word' id='word_1_425' title='bbox 1886 4672 2014 4717; x_wconf 93' lang='lat' dir='ltr'><strong>sunt</strong></span> <span class='ocrx_word' id='word_1_426' title='bbox 2062 4664 2118 4715; x_wconf 89' lang='lat' dir='ltr'><strong>iu</strong></span> <span class='ocrx_word' id='word_1_427' title='bbox 2162 4663 2402 4731; x_wconf 73' lang='lat' dir='ltr'><strong>circuitu</strong></span> 
     </span>
    </p>
   </div>
   <div class='ocr_carea' id='block_1_99' title="bbox 1358 4730 2401 4801">
    <p class='ocr_par' dir='ltr' id='par_1_99' title="bbox 1358 4730 2401 4801">
     <span class='ocr_line' id='line_1_103' title="bbox 1358 4730 2401 4801; baseline 0.001 -16"><span class='ocrx_word' id='word_1_428' title='bbox 1358 4741 1566 4786; x_wconf 90' lang='lat' dir='ltr'><strong>nostro.</strong></span> <span class='ocrx_word' id='word_1_429' title='bbox 1618 4730 1792 4801; x_wconf 73' lang='lat' dir='ltr'><strong>Alius,</strong></span> <span class='ocrx_word' id='word_1_430' title='bbox 1844 4746 2123 4801; x_wconf 90' lang='lat' dir='ltr'><strong>pompam.</strong></span> <span class='ocrx_word' id='word_1_431' title='bbox 2161 4730 2225 4797; x_wconf 80' lang='grc' dir='ltr'><strong>ν,</strong></span> <span class='ocrx_word' id='word_1_432' title='bbox 2255 4733 2401 4786; x_wconf 88' lang='lat' dir='ltr'><strong>deri-</strong></span> 
     </span>
    </p>
   </div>
   <div class='ocr_carea' id='block_1_100' title="bbox 1360 4800 2221 4869">
    <p class='ocr_par' dir='ltr' id='par_1_100' title="bbox 1360 4800 2221 4869">
     <span class='ocr_line' id='line_1_104' title="bbox 1360 4800 2221 4869; baseline -0.002 -12"><span class='ocrx_word' id='word_1_433' title='bbox 1360 4801 1589 4857; x_wconf 87' lang='lat' dir='ltr'><strong>sionem.</strong></span> <span class='ocrx_word' id='word_1_434' title='bbox 1627 4800 1711 4867; x_wconf 87' lang='lat' dir='ltr'><strong>Vl,</strong></span> <span class='ocrx_word' id='word_1_435' title='bbox 1748 4800 1861 4869; x_wconf 66' lang='grc' dir='ltr'>νη,</span> <span class='ocrx_word' id='word_1_436' title='bbox 1895 4802 2221 4856; x_wconf 86' lang='lat' dir='ltr'><strong>irrisionem.</strong></span> 
     </span>
    </p>
   </div>
   <div class='ocr_carea' id='block_1_101' title="bbox 1432 5033 2398 5103">
    <p class='ocr_par' dir='ltr' id='par_1_101' title="bbox 1432 5033 2398 5103">
     <span class='ocr_line' id='line_1_105' title="bbox 1432 5033 2398 5103; baseline -0.002 -14"><span class='ocrx_word' id='word_1_437' title='bbox 1432 5036 1521 5092; x_wconf 81' lang='lat'><strong>15.</strong></span> <span class='ocrx_word' id='word_1_438' title='bbox 1552 5034 1791 5091; x_wconf 90' lang='lat' dir='ltr'><strong>Posuisti</strong></span> <span class='ocrx_word' id='word_1_439' title='bbox 1835 5049 1938 5089; x_wconf 91' lang='lat' dir='ltr'><strong>nos</strong></span> <span class='ocrx_word' id='word_1_440' title='bbox 1981 5035 2036 5087; x_wconf 88' lang='lat' dir='ltr'><strong>in</strong></span> <span class='ocrx_word' id='word_1_441' title='bbox 2087 5033 2398 5103; x_wconf 87' lang='lat' dir='ltr'><strong>parabolam</strong></span> 
     </span>
    </p>
   </div>
   <div class='ocr_carea' id='block_1_102' title="bbox 1361 5103 2402 5177">
    <p class='ocr_par' dir='ltr' id='par_1_102' title="bbox 1361 5103 2402 5177">
     <span class='ocr_line' id='line_1_106' title="bbox 1361 5103 2402 5177; baseline -0.003 -16"><span class='ocrx_word' id='word_1_442' title='bbox 1361 5108 1413 5162; x_wconf 89' lang='lat' dir='ltr'><strong>in</strong></span> <span class='ocrx_word' id='word_1_443' title='bbox 1451 5108 1722 5177; x_wconf 74' lang='lat' dir='ltr'><strong>gentibus,</strong></span> <span class='ocrx_word' id='word_1_444' title='bbox 1754 5103 2178 5177; x_wconf 88' lang='lat' dir='ltr'><strong>commotionem</strong></span> <span class='ocrx_word' id='word_1_445' title='bbox 2201 5104 2402 5177; x_wconf 78' lang='lat' dir='ltr'><strong>capitis</strong></span> 
     </span>
    </p>
   </div>
   <div class='ocr_carea' id='block_1_103' title="bbox 1364 5174 2397 5246">
    <p class='ocr_par' dir='ltr' id='par_1_103' title="bbox 1364 5174 2397 5246">
     <span class='ocr_line' id='line_1_107' title="bbox 1364 5174 2397 5246; baseline -0.003 -16"><span class='ocrx_word' id='word_1_446' title='bbox 1364 5178 1416 5230; x_wconf 92' lang='lat' dir='ltr'><strong>in</strong></span> <span class='ocrx_word' id='word_1_447' title='bbox 1448 5174 1683 5246; x_wconf 84' lang='lat' dir='ltr'><strong>populis.</strong></span> <span class='ocrx_word' id='word_1_448' title='bbox 1718 5177 1891 5241; x_wconf 75' lang='lat' dir='ltr'><strong>Alius,</strong></span> <span class='ocrx_word' id='word_1_449' title='bbox 1929 5176 1980 5228; x_wconf 89' lang='lat' dir='ltr'><strong>in</strong></span> <span class='ocrx_word' id='word_1_450' title='bbox 2010 5174 2397 5229; x_wconf 83' lang='lat' dir='ltr'><strong>narrationem.</strong></span> 
     </span>
    </p>
   </div>
   <div class='ocr_carea' id='block_1_104' title="bbox 1364 5246 2049 5313">
    <p class='ocr_par' dir='ltr' id='par_1_104' title="bbox 1364 5246 2049 5313">
     <span class='ocr_line' id='line_1_108' title="bbox 1364 5246 2049 5313; baseline 0 -14"><span class='ocrx_word' id='word_1_451' title='bbox 1364 5246 1537 5313; x_wconf 74' lang='lat' dir='ltr'><strong>Alius,</strong></span> <span class='ocrx_word' id='word_1_452' title='bbox 1578 5248 2049 5302; x_wconf 90' lang='lat' dir='ltr'><strong>transmotionem.</strong></span> 
     </span>
    </p>
   </div>
   <div class='ocr_carea' id='block_1_105' title="bbox 1438 5404 2403 5462">
    <p class='ocr_par' dir='ltr' id='par_1_105' title="bbox 1438 5404 2403 5462">
     <span class='ocr_line' id='line_1_109' title="bbox 1438 5404 2403 5462; baseline -0.001 -2"><span class='ocrx_word' id='word_1_453' title='bbox 1438 5406 1523 5462; x_wconf 87' lang='lat'><strong>16.</strong></span> <span class='ocrx_word' id='word_1_454' title='bbox 1580 5405 1717 5461; x_wconf 89' lang='lat' dir='ltr'><strong>Tota</strong></span> <span class='ocrx_word' id='word_1_455' title='bbox 1774 5406 1864 5460; x_wconf 91' lang='lat' dir='ltr'><strong>die</strong></span> <span class='ocrx_word' id='word_1_456' title='bbox 1908 5404 2233 5460; x_wconf 88' lang='lat' dir='ltr'><strong>verecundia</strong></span> <span class='ocrx_word' id='word_1_457' title='bbox 2282 5419 2403 5459; x_wconf 87' lang='lat' dir='ltr'><strong>mea</strong></span> 
     </span>
    </p>
   </div>
   <div class='ocr_carea' id='block_1_106' title="bbox 1363 5473 2403 5555">
    <p class='ocr_par' dir='ltr' id='par_1_106' title="bbox 1363 5473 2403 5555">
     <span class='ocr_line' id='line_1_110' title="bbox 1363 5473 2403 5555; baseline -0.002 -24"><span class='ocrx_word' id='word_1_458' title='bbox 1363 5487 1550 5532; x_wconf 86' lang='lat' dir='ltr'><strong>contra</strong></span> <span class='ocrx_word' id='word_1_459' title='bbox 1598 5492 1685 5531; x_wconf 90' lang='lat' dir='ltr'><strong>me</strong></span> <span class='ocrx_word' id='word_1_460' title='bbox 1716 5485 1816 5555; x_wconf 78' lang='lat' dir='ltr'><strong>est,</strong></span> <span class='ocrx_word' id='word_1_461' title='bbox 1865 5483 1921 5530; x_wconf 92' lang='lat' dir='ltr'><strong>et</strong></span> <span class='ocrx_word' id='word_1_462' title='bbox 1956 5474 2207 5532; x_wconf 82' lang='lat' dir='ltr'><strong>confusio</strong></span> <span class='ocrx_word' id='word_1_463' title='bbox 2244 5473 2403 5530; x_wconf 82' lang='lat' dir='ltr'><strong>faciei</strong></span> 
     </span>
    </p>
   </div>
   <div class='ocr_carea' id='block_1_107' title="bbox 1364 5558 1938 5619">
    <p class='ocr_par' dir='ltr' id='par_1_107' title="bbox 1364 5558 1938 5619">
     <span class='ocr_line' id='line_1_111' title="bbox 1364 5558 1938 5619; baseline -0.002 -18"><span class='ocrx_word' id='word_1_464' title='bbox 1364 5561 1499 5604; x_wconf 63' lang='lat' dir='ltr'><strong>mea:</strong></span> <span class='ocrx_word' id='word_1_465' title='bbox 1527 5558 1807 5619; x_wconf 71' lang='lat' dir='ltr'><strong>coeperunt</strong></span> <span class='ocrx_word' id='word_1_466' title='bbox 1832 5560 1938 5604; x_wconf 89' lang='lat' dir='ltr'><strong>me.</strong></span> 
     </span>
    </p>
   </div>
   <div class='ocr_carea' id='block_1_108' title="bbox 1439 5779 2405 5851">
    <p class='ocr_par' dir='ltr' id='par_1_108' title="bbox 1439 5779 2405 5851">
     <span class='ocr_line' id='line_1_112' title="bbox 1439 5779 2405 5851; baseline -0.002 -15"><span class='ocrx_word' id='word_1_467' title='bbox 1439 5781 1530 5838; x_wconf 82' lang='grc'><strong>17.</strong></span> <span class='ocrx_word' id='word_1_468' title='bbox 1559 5780 1604 5837; x_wconf 82' lang='lat' dir='ltr'><strong>A</strong></span> <span class='ocrx_word' id='word_1_469' title='bbox 1638 5795 1768 5838; x_wconf 80' lang='lat' dir='ltr'><strong>voce</strong></span> <span class='ocrx_word' id='word_1_470' title='bbox 1796 5780 2175 5851; x_wconf 81' lang='lat' dir='ltr'><strong>exprobrantis</strong></span> <span class='ocrx_word' id='word_1_471' title='bbox 2219 5786 2271 5835; x_wconf 82' lang='lat' dir='ltr'><strong>et</strong></span> <span class='ocrx_word' id='word_1_472' title='bbox 2308 5779 2405 5835; x_wconf 85' lang='lat' dir='ltr'><strong>ob-</strong></span> 
     </span>
    </p>
   </div>
   <div class='ocr_carea' id='block_1_109' title="bbox 2779 466 3178 546">
    <p class='ocr_par' dir='ltr' id='par_1_109' title="bbox 2779 466 3178 546">
     <span class='ocr_line' id='line_1_113' title="bbox 2779 466 3178 546; baseline 0.013 -25"><span class='ocrx_word' id='word_1_473' title='bbox 2779 466 3178 546; x_wconf 53' lang='lat' dir='ltr'><strong>asotorrcN.</strong></span> 
     </span>
    </p>
   </div>
   <div class='ocr_carea' id='block_1_110' title="bbox 2532 626 2620 686">
    <p class='ocr_par' dir='ltr' id='par_1_110' title="bbox 2532 626 2620 686">
     <span class='ocr_line' id='line_1_114' title="bbox 2532 626 2620 686; baseline 0.034 -4"><span class='ocrx_word' id='word_1_474' title='bbox 2532 626 2620 686; x_wconf 90' lang='lat'><strong>10.</strong></span> 
     </span>
    </p>
   </div>
   <div class='ocr_carea' id='block_1_111' title="bbox 2534 1014 2622 1070">
    <p class='ocr_par' dir='ltr' id='par_1_111' title="bbox 2534 1014 2622 1070">
     <span class='ocr_line' id='line_1_115' title="bbox 2534 1014 2622 1070; baseline 0.023 -2"><span class='ocrx_word' id='word_1_475' title='bbox 2534 1014 2622 1070; x_wconf 87' lang='lat'><strong>11.</strong></span> 
     </span>
    </p>
   </div>
   <div class='ocr_carea' id='block_1_112' title="bbox 2537 1480 2623 1535">
    <p class='ocr_par' dir='ltr' id='par_1_112' title="bbox 2537 1480 2623 1535">
     <span class='ocr_line' id='line_1_116' title="bbox 2537 1480 2623 1535; baseline 0.012 -1"><span class='ocrx_word' id='word_1_476' title='bbox 2537 1480 2623 1535; x_wconf 82' lang='grc'>15.</span> 
     </span>
    </p>
   </div>
   <div class='ocr_carea' id='block_1_113' title="bbox 2536 1775 2997 1849">
    <p class='ocr_par' dir='ltr' id='par_1_113' title="bbox 2536 1775 2997 1849">
     <span class='ocr_line' id='line_1_117' title="bbox 2536 1775 2997 1849; baseline 0 -17"><span class='ocrx_word' id='word_1_477' title='bbox 2536 1777 2623 1833; x_wconf 89' lang='grc'><strong>14.</strong></span> <span class='ocrx_word' id='word_1_478' title='bbox 2655 1775 2997 1849; x_wconf 79' lang='grc' dir='ltr'>Χλευασμόν.</span> 
     </span>
    </p>
   </div>
   <div class='ocr_carea' id='block_1_114' title="bbox 2540 2150 2604 2205">
    <p class='ocr_par' dir='ltr' id='par_1_114' title="bbox 2540 2150 2604 2205">
     <span class='ocr_line' id='line_1_118' title="bbox 2540 2150 2604 2205; baseline 0.031 -2"><span class='ocrx_word' id='word_1_479' title='bbox 2540 2150 2604 2205; x_wconf 74' lang='grc'>15</span> 
     </span>
    </p>
   </div>
   <div class='ocr_carea' id='block_1_115' title="bbox 2526 2449 2610 2504">
    <p class='ocr_par' dir='ltr' id='par_1_115' title="bbox 2526 2449 2610 2504">
     <span class='ocr_line' id='line_1_119' title="bbox 2526 2449 2610 2504; baseline 0.012 -1"><span class='ocrx_word' id='word_1_480' title='bbox 2526 2449 2610 2504; x_wconf 85' lang='grc'><strong>16.</strong></span> 
     </span>
    </p>
   </div>
   <div class='ocr_carea' id='block_1_116' title="bbox 2543 2684 2628 2737">
    <p class='ocr_par' dir='ltr' id='par_1_116' title="bbox 2543 2684 2628 2737">
     <span class='ocr_line' id='line_1_120' title="bbox 2543 2684 2628 2737; baseline 0.024 -2"><span class='ocrx_word' id='word_1_481' title='bbox 2543 2684 2628 2737; x_wconf 89' lang='grc'>17.</span> 
     </span>
    </p>
   </div>
   <div class='ocr_carea' id='block_1_117' title="bbox 2776 2904 3187 2966">
    <p class='ocr_par' dir='ltr' id='par_1_117' title="bbox 2776 2904 3187 2966">
     <span class='ocr_line' id='line_1_121' title="bbox 2776 2904 3187 2966; baseline -0.002 -2"><span class='ocrx_word' id='word_1_482' title='bbox 2776 2904 3187 2966; x_wconf 84' lang='lat' dir='ltr'><strong>TllEODOTlO.</strong></span> 
     </span>
    </p>
   </div>
   <div class='ocr_carea' id='block_1_118' title="bbox 2540 3007 2625 3062">
    <p class='ocr_par' dir='ltr' id='par_1_118' title="bbox 2540 3007 2625 3062">
     <span class='ocr_line' id='line_1_122' title="bbox 2540 3007 2625 3062; baseline 0 -1"><span class='ocrx_word' id='word_1_483' title='bbox 2540 3007 2625 3062; x_wconf 86' lang='lat'><strong>10.</strong></span> 
     </span>
    </p>
   </div>
   <div class='ocr_carea' id='block_1_119' title="bbox 2541 3400 2628 3454">
    <p class='ocr_par' dir='ltr' id='par_1_119' title="bbox 2541 3400 2628 3454">
     <span class='ocr_line' id='line_1_123' title="bbox 2541 3400 2628 3454; baseline 0.023 -2"><span class='ocrx_word' id='word_1_484' title='bbox 2541 3400 2628 3454; x_wconf 84' lang='grc'><strong>11.</strong></span> 
     </span>
    </p>
   </div>
   <div class='ocr_carea' id='block_1_120' title="bbox 2544 3773 2633 3826">
    <p class='ocr_par' dir='ltr' id='par_1_120' title="bbox 2544 3773 2633 3826">
     <span class='ocr_line' id='line_1_124' title="bbox 2544 3773 2633 3826; baseline -0.011 0"><span class='ocrx_word' id='word_1_485' title='bbox 2544 3773 2633 3826; x_wconf 70' lang='lat'><strong>1&#39;2.</strong></span> 
     </span>
    </p>
   </div>
   <div class='ocr_carea' id='block_1_121' title="bbox 2548 4145 2635 4201">
    <p class='ocr_par' dir='ltr' id='par_1_121' title="bbox 2548 4145 2635 4201">
     <span class='ocr_line' id='line_1_125' title="bbox 2548 4145 2635 4201; baseline 0.034 -4"><span class='ocrx_word' id='word_1_486' title='bbox 2548 4145 2635 4201; x_wconf 76' lang='grc'>15.</span> 
     </span>
    </p>
   </div>
   <div class='ocr_carea' id='block_1_122' title="bbox 2545 4519 3023 4577">
    <p class='ocr_par' dir='ltr' id='par_1_122' title="bbox 2545 4519 3023 4577">
     <span class='ocr_line' id='line_1_126' title="bbox 2545 4519 3023 4577; baseline 0 -2"><span class='ocrx_word' id='word_1_487' title='bbox 2545 4521 2630 4575; x_wconf 80' lang='grc'><strong>14.</strong></span> <span class='ocrx_word' id='word_1_488' title='bbox 2658 4519 3023 4577; x_wconf 89' lang='lat' dir='ltr'><strong>Derisionem.</strong></span> 
     </span>
    </p>
   </div>
   <div class='ocr_carea' id='block_1_123' title="bbox 2548 5036 2631 5090">
    <p class='ocr_par' dir='ltr' id='par_1_123' title="bbox 2548 5036 2631 5090">
     <span class='ocr_line' id='line_1_127' title="bbox 2548 5036 2631 5090; baseline 0.024 -2"><span class='ocrx_word' id='word_1_489' title='bbox 2548 5036 2631 5090; x_wconf 77' lang='grc'>15.</span> 
     </span>
    </p>
   </div>
   <div class='ocr_carea' id='block_1_124' title="bbox 2549 5404 2638 5461">
    <p class='ocr_par' dir='ltr' id='par_1_124' title="bbox 2549 5404 2638 5461">
     <span class='ocr_line' id='line_1_128' title="bbox 2549 5404 2638 5461; baseline 0.022 -2"><span class='ocrx_word' id='word_1_490' title='bbox 2549 5404 2638 5461; x_wconf 88' lang='grc'>16.</span> 
     </span>
    </p>
   </div>
   <div class='ocr_carea' id='block_1_125' title="bbox 2551 5776 2641 5835">
    <p class='ocr_par' dir='ltr' id='par_1_125' title="bbox 2551 5776 2641 5835">
     <span class='ocr_line' id='line_1_129' title="bbox 2551 5776 2641 5835; baseline 0.022 -3"><span class='ocrx_word' id='word_1_491' title='bbox 2551 5776 2641 5835; x_wconf 86' lang='grc'><strong>17.</strong></span> 
     </span>
    </p>
   </div>
   <div class='ocr_carea' id='block_1_126' title="bbox 3388 349 3497 411">
    <p class='ocr_par' dir='ltr' id='par_1_126' title="bbox 3388 349 3497 411">
     <span class='ocr_line' id='line_1_130' title="bbox 3388 349 3497 411; baseline 0.037 -4"><span class='ocrx_word' id='word_1_492' title='bbox 3388 349 3497 411; x_wconf 75' lang='lat'><strong>790</strong></span> 
     </span>
    </p>
   </div>
  </div>
