3870 6216
118 281 232 338 θαι

455 402 855 462 ΣΥΜΜΔΧΟΣ.

201 936 236 991 5

209 976 514 1092 :i'rco6efgst
553 1045 638 1084 σοι
694 1028 901 1101 φοϐερὰ
953 1030 986 1101 ἡ
1030 1030 1180 1096 δὲξιὰ

116 1114 246 1150 τηου.

199 1187 444 1263 6.-Ιςατὰ
499 1190 731 1261 καρδίας
778 1191 828 1244 οἱ
856 1190 1044 1263 ἐχθροὶ
1080 1192 1174 1245 τοῦ

115 1256 415 1327 βασιλέως.

197 1349 251 1422 7.
280 1351 353 1422 A'O
383 1350 570 1422 θρόνος
600 1367 713 1418 σου,
742 1351 941 1419 ὁΘεὸς,
963 1351 1176 1419 αἰώνιος

121 1420 229 1473 καὶ
262 1420 363 1476 ἔτι.

197 1669 253 1748 8_.
352 1671 518 1743 ἐλαίῳ
547 1672 851 1746 ἀγλαϊσμοῦ
873 1676 1023 1748 παρὰ
1048 1676 1174 1741 τοὺς

118 1741 374 1813 ἑταίρους
398 1741 512 1797 σου.

193 1974 251 2032 9.

206 2206 340 2261 Ἀπὸ
378 2207 520 2263 ναῶν
547 2208 924 2280 ἐλεφαντίνων.

192 2460 283 2515 10.
328 2461 415 2515 Ἐν
446 2460 525 2532 τῷ
553 2462 720 2533 τιμᾷν
747 2478 827 2515 σε.

190 2624 513 2707 Παρέστηῂ
569 2625 821 2707 παλλακὴ
876 2627 943 2680 ὲκ
983 2624 1170 2692 δεξιῶν

115 2711 216 2748 σου
246 2696 305 2749 ὲν
333 2696 516 2768 χρυσῷ
548 2696 824 2767 πρωτείῳ.

445 2857 892 2920 SYMMACHUS.

189 3322 236 3380 5.

116 3562 139 3606 ι
192 3481 522 3540 Monstrabit
550 3482 647 3541 tibi
664 3484 928 3542 terribilia
945 3484 1170 3543 dextera

146 3569 238 3606 ua.

146 3569 238 3607 ua.

200 3644 250 3698 ‘3.
278 3643 442 3700 Juxta
469 3659 566 3702 cor
600 3645 809 3703 inimici
837 3646 1003 3719 regis.

160 3804 543 3932 ι7.ηΤΙποηιιςι
572 3815 722 3879 tuus,
746 3808 913 3878 Deus,
935 3818 1171 3866 aeternus

205 3894 237 3930 υ
288 3892 365 3932 ra.

116 3892 179 3931 el
205 3892 365 3933 lllll’a.

157 4340 253 4468 ,εἰ
280 4342 480 4422 ...οιθο
522 4342 830 4415 splendoris
870 4359 983 4417 prae
1027 4342 1169 4400 ami-

160 4430 206 4468 IS
252 4430 358 4468 UIS.

120 4427 206 4469 CIS
228 4427 358 4469 IUIS.

198 4881 256 4937 9.

200 5113 248 5167 Δ
278 5112 494 5184 templis
526 5113 805 5169 eburneis.

210 5433 297 5490 ιο.
329 5432 391 5489 In
426 5432 748 5492 honorando
778 5441 851 5491 te.

205 5596 425 5652 Adstitit
449 5596 757 5656 concubina
783 5610 818 5655 a
841 5594 1046 5656 dextris
1072 5593 1178 5653 tuis

131 5668 192 5725 in
216 5682 351 5725 auro
378 5666 577 5739 primo.

1479 284 1805 342 PSALMUS
1834 282 2021 339 XLIV.

1743 409 1821 460 (ν.

1321 572 1399 641 Τῇ
1435 570 1728 642 ὡραιότητί
1754 586 1846 642 σον
1878 570 1972 623 καὶ
1992 569 2076 642 Δτῷ
2107 568 2292 642 κάλλει

1253 639 1777 706 σσυζνΑλλοςμτδν
1816 639 2033 693 ἔπαινόν
2074 656 2167 691 σου
2201 640 2293 692 καὶ

1248 711 1310 762 τὸ
1343 711 1559 781 ἀξίωμά
1594 729 1709 764 σου.
1753 711 1996 781 Ἄλλος,
2031 710 2124 761 ἐπὶ
2149 709 2293 773 δοξὸ-

1248 780 1370 851 τητί
1395 780 1491 833 σου⁷
1508 782 1601 835 καὶ
1620 780 1950 851 διαπρεπεία
1968 796 2080 851 σον.
2093 781 2291 845 Ἀλλ.,

1249 852 1283 922 ὴ
1307 849 1437 915 δόξα
1465 869 1557 904 σου
1588 852 1681 905 καὶ
1714 849 2072 921 ήεὺπρέπειά
2104 865 2217 900 σου.

1319 944 1372 998 5.
1396 942 1974 1007 Κατευοδοῦ.”Αλλος,
1996 940 2292 1011 πρόκοπτε.

1318 1040 1428 1109 Καὶ
1457 1038 1712 1109 ὁδηγήσει
1763 1055 1823 1090 σε
1876 1033 2202 1106 θαυμαστῶς
2256 1035 2292 1105 ἡ

1246 1108 1396 1173 δεξιά
1430 1126 1521 1161 σου
1533 1148 1545 1161 .

1319 1200 1383 1272 6.
1417 1201 1506 1272 Ἐν
1536 1200 1734 1272 καρδίᾳ
1768 1199 1878 1253 τῶν
1925 1196 2134 1270 ἐχθρῶν
2197 1196 2293 1250 τοῦ

1249 1271 1531 1341 βασιλέως.

1318 1363 1371 1415 7.
1391 1361 1446 1415 Ὀ
1470 1361 1655 1433 θρόνος
1677 1377 1793 1425 σου,
1812 1360 1839 1412 ὁ
1853 1359 2004 1426 Θεὸς,
2025 1360 2103 1421 εἰς
2121 1357 2294 1411 αἰῶνα

1247 1432 1458 1515 αἰῶνος.

1331 1522 1550 1585 Ῥάὸδος
1582 1521 1877 1593 εὐθύτητος
1905 1520 1938 1591 ἡ
1971 1519 2165 1592 ῥάϐδος
2196 1520 2295 1589 τῆς

1246 1593 1519 1664 βασιλείας
1546 1610 1658 1646 σου.

1315 1685 1369 1740 8.
1410 1685 1736 1755 Ἠγάπησας
1782 1681 2166 1755 δικαιοσρνην,
2202 1682 2295 1755 και

1244 1751 1513 1878 cpio-gerat:
1538 1751 1789 1824 ἀνομίαν·
1814 1753 1902 1806 διὰ
1922 1751 2094 1806 τοῦτο
2110 1751 2296 1822 ἔχρισε

1247 1843 1307 1878 σε
1339 1827 1367 1878 ὁ
1429 1825 1536 1878 eoa.
1554 1825 1584 1877 ὁ
1612 1825 1745 1878 Θεός
1778 1841 1894 1878 σου.
1918 1822 2094 1876 ἔλαιον
2123 1822 2293 1878 ἀγαλ-

1247 1822 1307 1878 σε
1339 1827 1367 1878 ὁ
1384 1822 1536 1888 Θεὸς,
1554 1825 1584 1877 ὁ
1612 1822 1745 1887 Θεός
1778 1841 1894 1889 σου,
1918 1822 2094 1876 ἔλαιον
2123 1822 2293 1889 ἀγαλ-

1244 1895 1475 1959 λιάσεως
1517 1896 1669 1965 παρὰ
1719 1895 1847 1957 τοὺς
1898 1894 2155 1964 μετόχους
2176 1909 2290 1945 σου.

1317 1983 1370 2039 9.
1399 1983 1533 2037 Ἀπὸ
1550 1981 1659 2035 τῶν
1683 1982 1913 2053 ἱματίων
1931 1983 2291 2053 σου.ᾌλλος,

1245 2056 1325 2118 εἰς
1380 2055 1473 2108 τὸν
1524 2050 1816 2124 ἱματισμόν
1860 2069 1974 2106 σου.
2027 2050 2290 2118 Ἀλλος,

1245 2126 1423 2179 πάντα
1460 2124 1528 2177 τὰ
1552 2123 1744 2194 ἱμάτιά
1766 2139 1880 2177 σου.

1328 2215 1460 2269 Ἀπὸ
1488 2214 1697 2286 βάρεων
1718 2214 2096 2283 ἐλεφαντίνων.

1328 2307 1416 2373 Ἐξ
1447 2298 1522 2378 ὧν
1573 2305 1858 2378 ηῠφρανάν
1900 2322 1980 2360 σε.
2034 2306 2293 2370 Ἀλλος,

1245 2377 1365 2432 ὅθεν
1392 2376 1792 2448 ηὔφρανάνσε.

1319 2466 1409 2522 10.
1452 2468 1540 2539 Ἑν
1575 2470 1640 2538 τῇ
1681 2469 1816 2539 τιμῇ
1855 2484 1971 2523 σου.
2001 2466 2191 2529 Ἄλλη
2236 2466 2295 2518 ὲν

1247 2541 1359 2602 τοῖς
1385 2536 1762 2602 ὲνδόξοιξσου.

1315 2629 1571 2699 Παρέστη
1604 2630 1637 2699 ἡ
1672 2628 1959 2699 βασίλισσα
1991 2629 2057 2682 ὲκ
2106 2624 2295 2699 δεξιῶν

1243 2716 1347 2771 σουΔ
1366 2698 1423 2752 ἐν
1456 2698 2063 2771 ίματισίμῷςδιαχρύσῳ.
2082 2699 2159 2763 E',
2200 2698 2293 2763 ς’,

1241 2774 1299 2823 ὲν
1324 2768 1573 2841 βάμματι
1610 2768 1816 2841 Ὠφείρ.

1392 2862 1539 2918 LXX
1572 2861 1638 2916 ΙΝ
1646 2859 2080 2917 TERPRETES.

1284 2960 1289 2965 '
1315 2954 1507 3026 Specie
1534 2966 1625 3012 tua
1654 2965 1708 3012 et
1736 2953 2145 3027 pulchritudine
2178 2960 2291 3005 tua.

1242 3024 1417 3093 Alius,
1450 3027 1664 3081 laudem
1694 3024 1847 3082 tuam
1885 3034 1939 3081 et
1974 3024 2294 3096 dignitatem

1240 3107 1413 3151 tuam.
1446 3097 1619 3164 Alius,
1672 3112 1839 3166 super
1882 3096 2054 3167 gloria
2106 3103 2199 3148 tua
2239 3100 2295 3147 et

1239 3168 1437 3223 decore
1492 3178 1606 3223 tuo.
1663 3168 1843 3231 Alius,
1888 3166 2064 3236 gloria
2117 3174 2208 3219 tua
2240 3170 2297 3218 et

1239 3238 1406 3293 decor
1434 3246 1581 3293 tuus.

1240 3329 1372 3455 rce5.
1398 3328 1666 3400 Prospere
1692 3327 1945 3401 procede.
1974 3327 2148 3390 Alius,
2173 3340 2295 3398 pro-

1260 3417 1275 3454 l
1346 3438 1361 3453 .

1260 3417 1361 3454 106.

1311 3493 1378 3546 Ει
1419 3491 1650 3548 deducet
1695 3501 1749 3548 te
1797 3490 2122 3548 mirabiliter
2152 3488 2293 3546 dex-

1241 3571 1356 3618 tera
1398 3571 1513 3618 tua.

1313 3652 1367 3709 6.
1398 3652 1456 3708 ln
1495 3653 1661 3710 corde
1688 3651 2041 3712 inimicorum
2066 3653 2233 3722 regis.

1317 3815 1369 3871 7.
1398 3813 1654 3870 Thronus
1685 3823 1834 3883 tuus,
1852 3812 2019 3881 Deus,
2045 3816 2102 3869 in
2118 3827 2292 3870 saecu-

1244 3885 1356 3941 lum
1394 3887 1600 3940 saeculi.

1324 4115 1484 4188 Virga
1514 4115 1789 4186 aequitatis
1819 4115 1971 4188 virga
2002 4115 2152 4187 regni
2190 4116 2291 4170 tui.

1272 4400 1277 4401 ,
1315 4345 1371 4399 8.
1420 4343 1666 4399 Dilexisti
1705 4344 1974 4414 justitiam
2031 4353 2086 4399 et
2126 4345 2291 4400 odisti

1242 4415 1623 4484 iniquitatem:
1682 4426 1967 4485 propterea
2026 4416 2188 4469 unxit
2238 4425 2292 4470 te

1242 4485 1408 4551 Deus,
1431 4485 1576 4539 Deus
1598 4496 1745 4551 tuus,
1764 4486 1886 4539 oleo
1906 4485 2290 4541 exsultationis

1241 4571 1355 4627 prae
1384 4556 1735 4611 consortibus
1764 4555 1891 4611 tuis.

1318 4872 1372 4930 9.
1405 4872 1448 4926 A
1480 4870 1822 4929 vestimentis
1852 4871 1983 4927 tuis.
2033 4870 2206 4936 Alius,
2238 4872 2296 4925 in

1248 4944 1505 5024 vestitum
1546 4953 1722 4998 tuum.
1768 4942 1943 5008 Alius,
1991 4943 2176 4997 omnia
2203 4957 2298 4998 ve-

1251 5023 1508 5069 sttmenta
1537 5023 1650 5069 tua.

1322 5105 1369 5158 A
1391 5104 1644 5160 domibus
1670 5103 1947 5159 eburneis.

1322 5263 1400 5318 Ex
1440 5264 1641 5335 quibus
1678 5265 2086 5320 delectaverunt
2114 5271 2187 5317 te.
2220 5262 2298 5316 A-

1254 5334 1383 5401 lius,
1415 5336 1560 5390 unde
1587 5336 2002 5391 lattilicaverunt
2030 5342 2103 5387 te.

1327 5427 1414 5482 10.
1454 5426 1512 5481 ln
1571 5428 1779 5483 honore
1830 5439 1949 5482 tuo.
2008 5426 2184 5492 Alius,
2241 5425 2297 5480 in

1254 5498 1509 5567 gloriosis
1536 5500 1664 5553 tuis.

1321 5588 1545 5646 Adstitit
1580 5589 1767 5661 regina
1793 5604 1837 5661 5t
1867 5588 2208 5661 dextristuis
2242 5586 2297 5641 in

1248 5661 1447 5788 Besltitu
1476 5658 1757 5720 deaurato.
1793 5658 2033 5730 V,Vl,in
2059 5659 2297 5716 tinctura

1297 5747 1329 5803 p
1372 5747 1436 5788 tr.

3298 281 3417 349 802

2682 405 3081 462 ΘΕΟΔΟΤΙΩΝ.

2437 934 2492 988 5.

2436 1184 2489 1241 6.

2439 1349 2489 1428 _7.
2538 1349 2596 1402 '0
2622 1346 2821 1428 θρονος
2850 1366 2963 1415 σου,
2993 1347 3191 1413 ὁΘεὸς,
3213 1347 3291 1411 είς
3316 1345 3408 1401 τδν

2364 1420 2536 1474 αἰῶνα
2558 1419 2649 1473 τοῦ
2673 1419 2884 1482 αἰῶνος.

2440 1666 2497 1724 8.

2441 2452 2530 2508 10.

2394 2626 2399 2629 ’
2436 2620 2752 2691 Παρέστηνὴ
2784 2613 3074 2685 βασίλισσα
3103 2618 3193 2691 μὲκ
3220 2617 3411 2691 δεξιῶν

2368 2708 2461 2761 σον
2494 2688 2552 2744 ὲν
2606 2688 2894 2757 suasum
2951 2688 3137 2761 χρυσῷ
3184 2691 3250 2742 ὲκ
3280 2690 3411 2742 Σου-

2368 2760 2513 2833 φείρ.

2653 2851 3075 2911 TIIEODOTIO.

2435 3647 2470 3702 6

2444 3807 2495 3865 7.
2512 3808 2766 3865 Thronus
2791 3815 2938 3876 tuus,
2958 3804 3123 3872 Deus,
3157 3804 3214 3860 iu
3239 3817 3411 3861 saecu-

2369 3879 2482 3935 lum
2511 3880 2717 3937 saeculi.

2445 5427 2533 5483 ιο.

2443 5586 2667 5644 Adstitit
2691 5589 2876 5659 regina
2907 5603 2939 5644 a
2961 5589 3169 5645 dextris
3193 5590 3304 5649 tuis
3355 5590 3413 5648 in

2369 5658 2678 5718 diademate
2714 5658 2880 5718 aureo
2906 5675 2975 5716 ex
3002 5660 3224 5732 Suphir.
