3870 6216
160 302 264 360 821

489 419 891 484 ΣΥΜΜΔΧΟΣ.

243 814 298 873 4.
344 817 402 871 Ὀ
432 817 563 889 Θεὸς
584 818 641 871 ὲν
670 819 782 881 τοῖς
804 810 1087 889 βασιλείοις
1118 820 1213 874 αὐ-

169 887 274 958 τῆς
300 888 670 960 γνωσθήσεται
703 889 782 953 είς
805 887 1092 961 ὀχύρωμα.

245 1331 299 1386 5.
348 1329 476 1401 Ἰδοὺ
500 1328 609 1401 γὰρ
634 1330 695 1401 οίν
717 1330 951 1401 βασιλεῖς
1000 1332 1216 1385 συνετά-

172 1399 353 1466 ξαντο,
381 1398 544 1472 ἦλθον
566 1398 721 1471 ὁμοῦ.

249 1560 303 1623 6,
340 1560 393 1613 7.
423 1559 585 1613 Αὐτοὶ⁵
625 1559 823 1623 ἰδόντες
861 1559 1030 1623 οὕτως
1059 1561 1217 1614 ἐθαύ-

178 1646 379 1701 μασαν,
397 1628 792 1701 ἐταράχθησαν,
812 1629 1215 1701 ἐξεπλάγησαν,

174 1699 354 1784 φρίκη
377 1699 637 1769 κατέσχεν
661 1699 858 1762 αὐτούς
881 1718 893 1729 ·
927 1699 1115 1765 ὠδῖνες
1143 1701 1219 1764 ὡς

173 1786 479 1839 τικτουσης.

249 1860 302 1914 8.
338 1862 413 1913 Δι’
458 1860 659 1930 ἀνέμου
712 1857 886 1930 βιαίου
937 1860 1218 1927 κατεάξεις

175 1931 310 1995 ναῦς
347 1930 598 2001 Θαρσεῖς.

250 2028 336 2081 10.
373 2026 705 2097 Είκάσαμεν,
738 2028 766 2081 ὁ
798 2027 950 2097 Θεὸς,
979 2026 1039 2081 τὸ
1074 2026 1219 2090 ἔλεός

177 2114 278 2149 σου
309 2099 365 2150 ἐν
398 2096 549 2169 μέσῳ
576 2094 671 2151 τοῦ
703 2094 831 2152 ναοῦ
864 2114 977 2151 σου.

256 2327 341 2381 11.

255 2488 343 2541 12.
374 2488 734 2609 Εὐιρραίνεται
784 2488 846 2541 τὸ
886 2488 1011 2559 ὅρος
1063 2487 1218 2553 Σιὼν,

255 2558 281 2609 ,ἱ
323 2558 462 2609 ἀγαλ
496 2558 645 2609 ιῶσιν
686 2559 742 2609 αί
799 2557 1096 2609 θυγατέρες
1123 2558 1218 2609 τῆς

182 2558 281 2611 καὶ
323 2557 645 2643 ἀγαλλιῶσιν
686 2559 742 2611 at
799 2557 1096 2628 θυγατέρες
1123 2558 1222 2628 τῆς

193 2626 468 2691 Ἱουδαιας.

256 2883 342 2940 15.
376 2883 781 2957 Περιτειχίσατε
814 2882 1004 2955 αὐτήν.

482 3067 924 3126 SYMMACHUS.

261 3418 315 3472 4.
354 3416 500 3474 Deus
544 3416 601 3472 in
639 3414 817 3487 regiis
870 3415 992 3486 ejus
1024 3429 1230 3487 cogno-

186 3499 371 3545 scetur
406 3488 473 3544 ad
498 3486 919 3542 munimentum.

266 3787 320 3843 5.
348 3786 488 3842 Ecce
536 3787 681 3842 enim
720 3802 876 3859 reges
922 3785 1234 3859 congregati

191 3866 324 3914 sunt
352 3876 367 3911 :
397 3866 660 3913 venerunt
688 3856 873 3913 simul.

267 4093 322 4160 6,
359 4094 412 4149 7.
452 4093 561 4163 Ipsi
588 4092 831 4151 videntes
874 4091 954 4147 sic
980 4090 1234 4163 admirati

192 4175 348 4229 sunt,
369 4162 676 4218 conturbati
710 4170 859 4226 sunt,
880 4162 1054 4217 territi
1084 4170 1231 4225 sunt,

198 4233 397 4287 horror
451 4233 736 4302 occupavit
796 4247 890 4288 eos
922 4272 939 4300 ,
1024 4231 1239 4287 dolores

194 4304 344 4359 sicut
369 4304 745 4375 parturientis.

269 4679 325 4734 8.
361 4677 464 4734 Per
506 4685 730 4734 ventum
764 4676 1062 4733 violentum
1104 4689 1241 4732 con-

199 4746 404 4822 fringes
430 4763 596 4804 naves
628 4746 872 4804 Tharsis.

277 4908 363 4963 10.
392 4906 829 4976 ιΕειίιηανίωυε,
876 4906 1044 4974 Deus,
1077 4906 1242 4976 misci-

200 4978 496 5059 ricordiam
546 4986 696 5034 tuam
726 4978 783 5033 in
816 4975 1008 5034 medio
1055 4975 1241 5046 templi

199 5057 301 5104 tut.

285 5275 370 5331 11.

276 5432 363 5487 12.
405 5431 641 5487 Laetatur
672 5447 832 5489 mons
866 5430 1020 5500 Sion,
1064 5440 1119 5489 et
1146 5445 1243 5488 ex-

200 5503 410 5561 sultant
437 5503 562 5558 ﬁliae
583 5502 612 5558 J
621 5503 802 5559 udam.

274 5683 363 5741 15.
400 5682 570 5745 Muris
602 5684 1011 5759 circumcingite
1035 5700 1178 5745 eam;

1490 312 1810 371 PSALMUS
1846 312 2052 371 XLVII.

1768 435 1843 487 θ’.

1355 595 1493 666 Ὄρη
1522 594 1659 666 Σιὼν
1691 593 1997 666 τὰητιλευρὰ
2014 591 2107 647 τοῦ
2128 591 2315 666 βορρᾶΣ

1284 664 1520 805 ἑΑέἔὲς,
1579 665 1679 736 ὄρη
1744 664 1883 718 Σιὼν
1919 664 1969 716 οι
2033 664 2203 736 μηροϊ
2228 664 2321 717 τοῦ

1316 750 1345 785 0
1461 773 1476 789 .

1354 827 1406 896 ι,
1450 828 1509 880 '0
1532 826 1660 890 Θεὸς
1676 829 1732 879 ἐν
1762 828 1882 890 ταῖς
1911 826 2131 896 βάρεσιν
2152 825 2322 895 αὐτῆς

1284 894 1628 964 γινώσκεται,
1684 897 1809 949 ὅταν
1865 894 2323 967 ἀντιλαμϐάνηται

1283 967 1473 1035 αὐτῆς.
1509 968 1721 1047 Ἄβλος
1748 1005 1764 1029 ,
1781 967 1817 1051 ’ὁ
1837 967 1968 1029 Θεὸς
1995 968 2052 1020 ὲν
2078 966 2325 1088 sategi-

1289 1053 1434 1088 οεσιν
1467 1036 1637 1088 αὐτῆς
1667 1036 1909 1088 ὲγνωσθη
1945 1037 2026 1088 εἰς
2056 1036 2117 1088 τὸ
2146 1036 2231 1088 ὲξε
2268 1037 2324 1087 έ-

1289 1053 1434 1106 ρεσιν
1467 1036 1637 1105 αὐτῆς
1667 1036 1910 1105 ἐγνώσθη
1945 1037 2026 1098 εἰς
2056 1036 2117 1088 τὸ
2146 1036 2324 1103 ἐξελέ-

1289 1106 1421 1190 σθαι.
1443 1108 1649 1190 αὐτήνζ
1667 1107 1743 1171 E',
1778 1108 1806 1159 ὁ
1832 1106 1963 1190 Θεὸς
1992 1108 2050 1159 ὲν
2082 1109 2193 1190 τοῖς
2212 1105 2327 1190 ’βα-

1287 1122 1409 1158 συαι
1443 1122 1649 1190 αυτηνζ
1667 1122 1743 1171 ι’,
1778 1122 1806 1159 0
1832 1122 1963 1169 υεος
1992 1122 2050 1159 εν
2082 1122 2193 1169 τοις
2232 1122 2326 1190 ρα-

1288 1174 1503 1238 σιλείοις
1521 1193 1689 1247 αυτης
1713 1176 2084 1247 γνωσθήσεται
2109 1178 2187 1239 είς
2202 1177 2326 1246 ὀχυ-

1412 1263 1466 1299 α.

1443 1333 1561 1386 Ὅτι
1587 1333 1695 1405 ἰδοὺ
1742 1332 1850 1405 γὰρ
1870 1336 1919 1405 οί
1943 1333 2206 1405 ,βασιλεῖς
2230 1334 2327 1404 τῆς

1288 1402 1829 1525 γῇςόσυνετὰξαντο,’
1862 1402 2093 1474 ἥλθοσαν
2147 1405 2241 1457 ἐπὶ
2268 1402 2329 1458 τὸ

1288 1489 1388 1525 αυτ
1425 1512 1438 1526 .

1361 1561 1413 1627 6,
1437 1562 1491 1615 7.
1528 1563 1690 1615 Αὐτοὶ
1728 1562 1923 1625 ἰδόντες
1962 1562 2133 1627 οὕτως
2166 1564 2327 1617 ἐθαύ-

1294 1650 1487 1704 μασαν,
1516 1632 1913 1704 ἐταράχθησαν,
1938 1634 2325 1704 ὲσαλεύθησαν,

1287 1702 1488 1772 τρόμος
1552 1702 1845 1755 ἐπελάϐετο
1914 1703 2109 1767 αὐτούς
2136 1719 2149 1732 ·
2192 1702 2332 1757 ἐκεῖ

1288 1772 1473 1835 ὠδῖνες
1501 1772 1575 1834 ὡς
1605 1772 1912 1843 τικτούσης.

1357 1862 1415 1920 8.
1460 1863 1549 1935 Ἐν
1590 1862 1857 1935 πνεύματι
1908 1862 2064 1934 βιαίῳ
2118 1864 2327 1935 συνιιτρί⁶

1287 1933 1409 2002 ψεις
1442 1933 1600 1987 πλοῖα
1622 1933 1872 2003 Θαρσεῖς.

1364 2024 1448 2105 ις).
1466 2023 1855 2105 ’Υῖτελάὸοὲιεὴ
1883 2024 1914 2102 ῤ
1941 2022 2098 2105 Θεὸς,
2112 2023 2331 2105 τὸῼέξιεός

1293 2111 1386 2173 σου
1403 2096 1460 2173 ὲν
1487 2093 1638 2173 neque
1667 2091 1758 2173 τοῦ
1773 2091 1911 2173 ναοῦ
1931 2110 2059 2173 σουᾴ
2075 2094 2328 2158 Ἄλλως,

1290 2165 1348 2217 ὲν
1375 2163 1523 2233 μέσῳ
1548 2163 1641 2233 τοῦ
1674 2163 1801 2216 λαοῦ
1855 2179 1968 2217 σου.
2020 2164 2096 2231 Ε’,
2152 2167 2242 2231 ς’,
2272 2166 2330 2217 ἐν

1294 2232 1443 2304 μέσῳ
1479 2232 1570 2286 τοῦ
1602 2233 1727 2286 ναοῦ
1757 2250 1871 2287 σου.

1364 2324 1451 2381 11.
1489 2325 1611 2377 Ἐπὶ
1659 2323 1729 2377 τὰ
1782 2323 2010 2394 πέρατα.
2086 2324 2329 2390 Ἄλλος,

1292 2394 1386 2448 ἐπὶ
1410 2395 1476 2448 τὰ
1504 2394 1653 2465 τέλη.

1364 2488 1450 2541 12.
1487 2488 1853 2558 Εὐφράνθητι,
1882 2488 1942 2541 τὸ
1999 2486 2123 2558 ὅρος
2173 2487 2333 2558 Σιὼν,

3332 312 3440 369 822

2722 432 3121 487 ΘΕΟΔΟΤΙΩΝ.

2463 822 2518 878 4.

2474 1336 2526 1391 5.

2473 1566 2529 1630 6,
2567 1564 2616 1616 7.

2470 1862 2525 1917 8.

2476 2024 2558 2079 10.
2600 2026 2686 2079 Ἐν
2728 2025 2876 2097 μέσῳ
2897 2024 2990 2079 τοῦ
3016 2022 3144 2080 ναοῦ
3178 2041 3292 2078 σου.

2477 2326 2562 2379 11.

2476 2488 2562 2541 12.
2594 2487 2953 2558 Εὑφραίνεται
2991 2486 3051 2558 τὸ
3105 2486 3229 2558 ὄρος
3283 2487 3442 2558 Σιὼν,

1294 2556 1741 2629 ἁγαλλιρισθωσαν
1768 2556 1841 2613 ἀἱ
1900 2556 2196 2627 θυγατέρες
2236 2557 2334 2629 τῆς
2405 2560 2496 2611 καὶ
2523 2556 2850 2629 ἀγαλλιῶσιν
2893 2559 2948 2609 αἱ
3000 2556 3293 2628 θυγατέρες
3348 2556 3444 2626 τῆς

1305 2628 1583 2691 Ἰουδαίας.

1363 2720 1566 2772 Ἕνεκα
1591 2716 1699 2770 τῶν
1734 2717 2017 2788 χριμάτων
2059 2735 2173 2773 σου.
2201 2720 2336 2773 Ἀλ-

1292 2794 1424 2856 λος,
1463 2788 1550 2841 διὰ
1584 2787 1794 2859 κρίσεις
1828 2787 1945 2840 σου.

1365 2880 1451 2936 15.
1483 2880 1814 2951 Περιλάὸετε
1862 2880 2052 2951 αὑτήν.
2092 2882 2339 2947 Ἄλλος,

1295 2951 1390 3009 καὶ
1426 2949 1733 3022 περιέλθετε
1760 2949 1946 3020 αὑτήν.

1470 3062 1612 3117 LXX
1655 3062 2153 3119 INTERPRETES.

1374 3180 1586 3238 Montes
1643 3181 1789 3253 Sion,
1822 3183 1991 3238 latera
2042 3181 2335 3253 aquilonis.

1299 3252 1476 3375 filias,
1509 3260 1725 3308 montes
1769 3252 1922 3320 Sion,
1946 3252 2152 3309 femora
2182 3254 2335 3324 aqui-

1320 3337 1461 3378 onis.

1371 3414 1426 3496 τι.
1461 3414 1603 3469 Deus
1634 3413 1689 3468 in
1722 3414 1976 3496 domibus
2002 3416 2122 3485 ejus
2148 3430 2342 3538 00an-

1371 3493 1477 3538 ttur
1507 3500 1632 3538 cum
1679 3495 1940 3538 suscrmet
1990 3501 2132 3538 eam.
2167 3486 2212 3537 A
2237 3488 2341 3538 ius.

1303 3485 1477 3539 scitur
1507 3500 1632 3539 cum
1679 3484 1940 3553 suscipiet
1990 3484 2132 3540 eam.
2167 3484 2341 3550 Alius,

1304 3554 1449 3626 Deus
1480 3554 1532 3607 in
1558 3555 1955 3626 domibus__ejus
1989 3555 2237 3626 cognitus
2260 3564 2346 3626 est

1306 3634 1366 3677 ut
1397 3625 1590 3679 liberet
1624 3638 1769 3677 eam.
1800 3623 1877 3691 ν,
1900 3624 2044 3679 Deus
2064 3623 2125 3678 in
2179 3625 2344 3693 regiis

1303 3692 1424 3763 ejus
1448 3703 1805 3763 cognoscetur
1828 3695 1896 3749 ad
1920 3692 2342 3750 munimentum.

1375 3785 1429 3838 5.
1479 3784 1748 3866 Quoniam
1813 3800 1939 3841 ecce
1989 3800 2143 3855 reges
2188 3794 2347 3867 terrae

1305 3862 1616 3925 congregati
1714 3864 1862 3921 sunt,
1940 3862 2205 3912 venerunt
2288 3862 2344 3909 in

1307 3939 1499 3980 unum.

1380 4085 1434 4151 6,
1461 4085 1513 4141 7.
1549 4084 1654 4155 Ipsi
1701 4084 1946 4142 videntes
1975 4085 2055 4141 sic
2096 4085 2347 4140 admirati

1308 4165 1455 4222 sunt,
1519 4155 1827 4212 conturbati
1887 4166 2033 4216 sunt,
2089 4156 2346 4211 commoti

1310 4235 1461 4292 sunt,
1494 4235 1698 4281 tremor
1725 4225 2079 4295 apprehendit
2109 4241 2240 4281 eos:
2274 4225 2351 4279 ibi

1310 4295 1526 4352 dolores
1554 4305 1615 4352 ut
1642 4296 2018 4366 parturientis.

1383 4665 1436 4719 8.
1485 4664 1542 4719 in
1582 4666 1778 4734 spiritu
1830 4665 2135 4722 vehementi
2169 4675 2354 4721 conte-

1313 4750 1402 4791 res
1432 4751 1596 4791 naves
1622 4735 1866 4791 Tharsis.

1387 4897 1475 4951 10.
1514 4897 1890 4968 Suscepimus,
1927 4895 2091 4968 Deus.
2132 4894 2350 4968 miseri-

1316 4968 1559 5023 cordiam
1590 4965 1738 5023 tuain
1765 4968 1818 5021 in
1842 4967 2020 5021 medio
2043 4967 2226 5023 temnli
2253 4965 2349 5018 tui.

1316 5037 1508 5102 Aliter,
1536 5038 1589 5091 in
1620 5038 1800 5092 medio
1828 5038 2011 5107 populi
2035 5038 2133 5092 tui.
2154 5032 2234 5102 Ὗ,
2260 5032 2351 5101 Vl,

1315 5107 1372 5162 in
1402 5108 1581 5164 medio
1605 5108 1791 5178 templi
1826 5108 1924 5162 tui.

1388 5269 1477 5326 11.
1507 5269 1566 5326 ln
1589 5270 1874 5326 terminos.
1908 5269 2082 5337 Alius,
2112 5269 2168 5323 in
2195 5268 2351 5324 lines.

1388 5430 1476 5484 12.
1504 5428 1730 5497 Laetare,
1746 5442 1904 5486 mons
1917 5426 2069 5497 Sion,
2088 5428 2358 5486 exsultent

1318 5500 1441 5557 ﬁliae
1461 5499 1679 5555 Iudaeae.

1390 5592 1618 5661 Propter
1646 5592 1849 5662 judicia
1880 5600 1995 5647 tua.
2029 5590 2204 5657 Alius,
2242 5590 2321 5644 id.

1390 5686 1479 5766 1ξ».
1529 5684 1960 5766 (ξοωριθοιίωἱιιὶ
2001 5698 2145 5742 eam.
2182 5681 2356 5751 Alius,

1316 5763 1373 5814 Θῑ
1396 5763 1622 5815 circuite
1651 5770 1791 5812 eam.

2420 2628 2693 2691 Ἰουδαίας.

2494 2884 2582 2938 15.

2717 3067 3123 3129 TllEODOTlO.

2485 3424 2537 3477 4.

2486 3792 2539 3847 5.

2494 4090 2548 4156 6,
2580 4090 2633 4145 7.

2493 4674 2545 4727 8.

2497 4903 2580 4957 10.
2613 4901 2671 4955 In
2719 4900 2898 4958 medio
2920 4899 3106 4971 templi
3131 4898 3233 4956 tui.

2502 5275 2591 5330 11.

2500 5433 2586 5486 12.
2620 5430 2852 5501 Laetatur
2887 5445 3047 5490 mons
3090 5430 3251 5501 Sion,
3286 5438 3341 5489 et
3366 5444 3463 5488 ex-

2430 5504 2632 5559 sultant
2661 5503 2786 5559 ﬁliae
2820 5500 3037 5560 Iudaeae.

2500 5682 2589 5740 15.
