3870 6216
336 269 435 326 851

608 384 697 444 ΤΟ
723 389 1093 448 ΕΒΡΑῙΚΟΝ.

1065 537 1237 593 ’διν-ππ
1273 531 1307 587 5

1052 630 1233 682 ’31201
1270 622 1305 677 6

333 721 541 798 1mm
623 702 810 779 v-i-m'a
877 728 994 787 1m
1064 719 1301 798 mni

768 839 783 857 ,
1135 796 1372 850 animm

716 932 789 1029 1'7
806 959 1037 1010 ’τηετις
1067 960 1241 1009 rma:
1271 949 1306 1004 8

439 1032 692 1095 VERSIO
729 1033 1047 1093 HEBRAICI
1082 1039 1287 1096 TEXT.

371 1127 461 1212 .3.
490 1127 769 1184 Judicabis
822 1130 978 1184 mihi.
1016 1129 1257 1199 Πίθωνι,
1292 1132 1377 1187 ul-

339 1213 542 1255 CISOCI‘C
567 1214 675 1254 me.

408 1288 463 1345 6.
508 1286 1097 1346 Inter'sustentatores.
1135 1290 1375 1356 Hierom,

340 1368 669 1415 sustentans.

416 1450 465 1505 7.
496 1450 700 1507 Reddet
719 1451 921 1506 malum
949 1452 1185 1511 inimicis
1214 1456 1378 1511 meis:

1403 276 1876 337 HEXAPLORUM
1915 278 2083 347 ΟΗΑΕ
2124 280 2557 340 SUPERSUNT.

1746 396 1835 449 ΤΟ
1863 396 2214 451 EBPAIKON

1518 534 1555 589 5
1630 465 1958 537 Ἑλληνικοῖς
1977 467 2285 539 γράμμασι.

1522 626 1578 683 6.

1519 717 1577 776 7.

1523 948 1578 1005 8.
1648 1037 1982 1097 VULGATA
2009 1037 2287 1095 LATINA.

1520 1130 1574 1188 5.
1607 1129 1799 1187 Judica
1833 1147 1941 1187 me.

1522 1292 1577 1349 6.
1610 1292 1924 1365 Susceptor.

1529 1452 1579 1508 7.
1616 1453 1811 1509 Averte
1846 1456 1986 1509 mala
2036 1455 2275 1511 inimicis
2313 1456 2491 1511 meis:

342 1520 396 1575 in
431 1524 662 1596 veritate
684 1532 777 1577 tua
824 1523 1044 1596 succide
1060 1524 1214 1596 illos.
1258 1526 1385 1580 Hie—
1454 1531 1509 1578 et
1538 1524 1593 1577 in
1625 1525 1851 1581 veritate
1878 1535 1970 1580 tua
1999 1527 2251 1596 disperde
2280 1526 2421 1582 illos.

342 1607 486 1657 ron.,
534 1592 700 1648 redde
737 1592 940 1646 malum
968 1593 1382 1651 insidiatoribus

343 1661 518 1716 meis:
576 1665 631 1717 in
689 1663 911 1718 veritate
971 1672 1065 1717 tua
1130 1667 1384 1736 disperde

344 1746 455 1786 80$.

415 1822 470 1878 8.
500 1824 560 1878 In
588 1835 892 1895 spontaneo
918 1828 1239 1884 sacrificabo
1264 1828 1383 1883 tibi.

348 1888 585 1963 Πίθωνι,
601 1888 903 1954 voluntarie
925 1900 1244 1955 sacriﬁcabo
1267 1899 1384 1954 tibi.

1531 1825 1585 1882 8.
1619 1824 1936 1883 Voluntarie
1966 1826 2285 1883 sacriﬁcabo
2317 1826 2435 1881 tibi.

2918 389 3214 449 ᾹΚΥΛΑΣ.

2625 534 2679 589 3.
2709 531 2959 595 Δικὰσεις
2991 548 3099 602 μοι.

2628 622 2679 676 6.

2631 714 2679 769 7.

2633 953 2686 1003 8.
2733 946 2821 1001 'Ev
2852 938 3202 1011 ἐκουσιασμῷ
3226 936 3476 992 θυσιάτω
3509 950 3621 993 σοι.

2948 1030 3231 1099 AQUILA.

2675 1172 2691 1189 .
2720 1126 2999 1184 Judicabis
3026 1123 3181 1179 mibi.

2637 1129 2690 1189 5.

2636 1291 2690 1346 6.

2637 1451 2690 1507 7.

2643 1823 2697 1878 8.
2727 1820 2786 1877 in
2815 1828 3113 1891 spontaneo
3139 1813 3459 1873 sacriﬁcabo
3492 1812 3622 1868 tibi.

1206 1992 1382 2051 Nota;
1409 1995 1472 2052 et
1507 1990 1697 2052 variae
1742 1990 2059 2051 lectiones
2091 1990 2170 2049 ad
2199 1990 2520 2050 Psaimum
2557 1987 2722 2047 Llll.

419 2081 488 2161 Y.
517 2085 569 2141 1.
603 2084 767 2161 Tituli
796 2089 1055 2145 lectiones
1091 2087 1265 2145 adfert
1292 2089 1560 2146 Eusebius
1586 2090 1931 2161 expositione
2039 2088 2236 2161 nostri.
2256 2158 2268 2161 Α
2290 2088 2323 2140 Π

2039 2088 2268 2161 nostris
2290 2088 2519 2161 Drusius
2550 2102 2720 2161 vero
2748 2084 2849 2146 sic,
2894 2085 2988 2161 ᾏ..-
3007 2090 3064 2161 _et
3085 2079 3185 2161 _V.
3228 2151 3242 2161 _
3265 2077 3470 2160 gepwsfc
3534 2091 3630 2161 ρει

2038 2158 2214 2227 Sym.,
2249 2158 2510 2223 δικάσεις.
2548 2156 2800 2211 ΤΙιευάοι.
2825 2165 2883 2208 ut
2917 2152 3046 2227 γη.
3084 2146 3517 2227 E_usc_bi1is__vero
3550 2146 3635 2227 ie-

352 2155 406 2211 iu
431 2154 583 2226 liunc
615 2159 907 2226 psalmum.

430 2222 489 2279 ν.
526 2226 580 2281 5.
615 2222 731 2294 ”Ἀ.,
778 2226 863 2297 Σ.,
909 2227 1150 2294 δικάσεις
1207 2247 1297 2302 μοι
1347 2239 1449 2286 etc.
1498 2227 1591 2285 Sic
1630 2229 1741 2287 duo
1789 2245 1924 2287 mss.

643 2507 732 2560 ΤΟ
761 2507 1127 2562 ΕΒΡΑΙΚΟΝ.

460 2627 582 2707 ’1τὺ
616 2628 805 2706 Βνβπηο
838 2654 1045 2710 mnia:
1074 2630 1263 2709 minus
1300 2647 1325 2701 1

362 2815 677 2872 :i-mmm
748 2816 922 2871 mm:
991 2817 1129 2870 τ’·ξκ
1199 2809 1332 2872 4.5

608 2910 739 2965 mm
772 2912 891 2987 np?
929 2909 1067 2961 ira:
1101 2910 1227 2963 vis
1255 2883 1405 2985 517.7:

362 3117 608 3174 amen
647 3120 789 3171 nim
821 3120 906 3177 ηρ
941 3094 1034 3177 ’ὃν
1072 3118 1334 3171 mini-vn

821 3351 995 3426 mp:
1025 3326 1140 3404 ’νην
1178 3324 1269 3403 7:5
1303 3342 1337 3399 5

1096 3486 1336 3565 mbas

361 3603 509 3660 nm
543 3608 663 3657 '13s
701 3599 987 3730 ’Ἓν-’νβ
1018 3607 1173 3669 ’τηατ
1209 3599 1244 3653 8
1282 3598 1336 3693 .i

364 3673 461 3730 TD
523 3675 706 3730 επτπκ
772 3703 783 3728 .
837 3679 876 3726 ri
916 3681 930 3726 :
968 3680 1182 3728 iustum
1231 3677 1336 3730 nm

364 3673 461 3731 TI:
523 3675 706 3756 p'n'm
772 3673 876 3730 rm
916 3681 930 3726 :

476 3972 730 4029 VERSIO
756 3972 1073 4031 HEBRAICI
1113 3972 1321 4029 TEXT.

446 4066 499 4122 l.
532 4063 734 4120 Victori
758 4065 841 4135 Ain
881 4064 1145 4135 Neginoth
1183 4064 1413 4121 maschil

370 4138 478 4208 ipsi
508 4135 702 4208 David.
722 4133 1172 4208 Hieron.{victori
1195 4139 1251 4191 in
1275 4137 1414 4206 psal-

367 4206 482 4264 litis
509 4206 743 4261 eruditio
772 4206 961 4260 David.

445 4298 500 4363 5,
540 4298 596 4352 4.
631 4296 948 4366 Conquerar
978 4297 1032 4351 in
1062 4296 1414 4353 meditatione

370 4384 520 4434 mea,
560 4379 616 4422 et
648 4368 1019 4423 tumultuabor
1066 4383 1098 4422 a
1149 4384 1279 4423 voce
1312 4370 1417 4422 ini-

371 4440 527 4504 miei,
541 4453 569 4492 a
588 4438 832 4493 faciebus
844 4439 1227 4494 coarctationis
1243 4439 1415 4508 impii.

372 4509 620 4575 Πίθωνι,
658 4509 976 4563 humiliatus
1006 4524 1126 4563 sum
1160 4509 1214 4562 in
1249 4510 1419 4563 medi-

372 4581 585 4634 tatione
612 4594 754 4643 mea,
780 4589 835 4634 et
858 4579 1210 4634 conturbatus
1239 4596 1269 4633 a
1291 4594 1421 4632 voce

373 4649 584 4732 inimici
647 4666 679 4703 a
725 4649 864 4705 facie
900 4651 1277 4720 persequentis
1320 4650 1422 4703 im-

373 4734 476 4789 pll.

449 4812 721 4879 Quoniam
757 4813 869 4868 labi
902 4812 1104 4868 facient
1134 4828 1301 4882 super
1334 4827 1422 4867 me

374 4886 752 4942 mendacium.
780 4893 836 4939 et
867 4886 922 4938 in
953 4885 1034 4939 ira
1057 4885 1424 4939 adversabun—

375 4964 474 5008 tur
518 4956 673 5011 mihi.
713 4954 952 5019 "ieram,
1003 4956 1260 5023 quoniam
1296 4969 1421 5022 pro-

374 5024 629 5093 iecerunt
663 5041 826 5095 super
856 5041 942 5080 me
969 5025 1331 5095 iniquitatem,
1368 5035 1423 5079 et

376 5095 436 5151 in
462 5095 648 5152 furore
678 5098 1117 5151 adversabuntur
1142 5097 1297 5149 mihi.

452 5185 509 5242 5.
532 5187 640 5242 Cor
666 5203 846 5243 meum
897 5188 1221 5243 eruciabitur
1256 5189 1306 5240 in
1345 5188 1425 5242 in-

377 5258 572 5310 teriori
626 5273 766 5313 meo.
822 5256 1066 5321 Hieron.,
1099 5274 1196 5314 cor
1236 5274 1417 5313 meum

383 5326 557 5381 doluit
584 5328 641 5381 in
669 5328 925 5385 vitalibus
955 5332 1111 5384 meis.

453 5417 509 5474 6.
546 5417 772 5475 Horror.
809 5420 1050 5487 Hierom,
1084 5423 1276 5491 caligo.

456 5507 511 5572 7,
550 5510 605 5566 8.
640 5510 707 5566 Et
743 5513 856 5567 dixi
887 5533 899 5568 :
949 5514 1083 5580 Quis
1112 5516 1259 5570 dabit
1289 5514 1422 5569 mihi

386 5589 622 5647 pennam
650 5583 791 5638 sicut
818 5586 1122 5640 columbae?
1147 5587 1340 5640 volabo
1370 5595 1425 5640 et

389 5649 666 5724 I'iabitabo.
719 5653 856 5709 Ecce
892 5655 1156 5724 elongabo
1202 5670 1288 5710 me
1329 5672 1425 5709 va-

389 5731 422 5786 s
441 5723 586 5791 Indo,
610 5724 939 5793 pernoctabo
965 5723 1277 5784 in’dcscrto.
1307 5724 1429 5782 Ilic-

1697 2407 2060 2470 PSALMUS
2118 2408 2278 2469 LIV.

1769 2510 1857 2564 ΤΟ
1890 2511 2240 2564 EBPAIKON

1548 2650 1573 2704 1
1653 2578 1984 2652 Ἑλληνικοῖς
2020 2580 2334 2652 γράμμασι.

1543 2813 1598 2877 5,
1634 2815 1688 2870 4.

1547 3347 1601 3402 5.

1550 3506 1604 3561 6.

1554 3601 1603 3666 7,

1686 3968 1870 4030 V’ULG
1880 3970 2017 4027 ATA
2055 3968 2354 4028 LATINA.‘

1559 4065 1607 4118 4.
1639 4063 1698 4118 In
1732 4065 1915 4125 linem,
1950 4065 2003 4118 in
2053 4066 2389 4121 carminibus
2438 4064 2525 4120 in-

1484 4135 1731 4191 tellectus
1770 4133 1959 4190 David.

1557 4298 1610 4361 '3,
1638 4297 1690 4351 4.
1730 4297 2097 4352 Contristatus
2130 4312 2250 4353 sum
2288 4298 2341 4351 in
2373 4312 2529 4353 exer-

1486 4369 1743 4422 citatione
1774 4380 1984 4432 mea,et
2019 4370 2377 4432 conturbatus
2409 4385 2531 4423 sum

1490 4454 1519 4491 a
1569 4454 1700 4492 voce
1739 4431 1969 4519 inimici,
2008 4451 2062 4494 et
2109 4454 2139 4493 a
2185 4431 2533 4500 tribulatione

1524 4524 1648 4563 ecca
1657 4517 1791 4563 toris
1806 4553 1811 4559 .

1566 4812 1835 4879 Quoniam
1887 4814 2298 4870 declinaverunt
2348 4823 2535 4869 contra

1496 4898 1581 4937 me
1605 4884 1962 4953 iniquitates:
2005 4887 2143 4941 etin
2190 4886 2269 4939 ira
2324 4887 2539 4941 molesti

1493 4962 1649 5008 erant
1679 4955 1833 5010 mihi.

1494 5259 1505 5269 .
1564 5188 1617 5243 5.
1649 5187 1763 5243 Cor
1809 5203 1991 5243 meum
2036 5190 2421 5245 conturbatum
2455 5199 2540 5247 est

1493 5275 1549 5313 ιιι
1580 5275 1687 5313 me.

1564 5420 1616 5475 8.
1653 5418 1928 5477 Tenebrae.

1571 5514 1624 5580 7,
1652 5514 1705 5568 8.
1758 5513 1824 5567 Et
1867 5513 2019 5568 dixi:
2055 5513 2188 5579 Quis
2225 5514 2373 5568 dabit
2408 5513 2543 5569 mihi

1497 5600 1705 5654 pennas
1736 5586 1877 5639 sicut
1910 5585 2197 5648 columbm,
2234 5595 2287 5638 et
2327 5586 2541 5650 volabo,

1500 5664 1554 5707 et
1581 5655 1963 5724 requiescam?
1998 5654 2133 5710 Ecce
2181 5656 2426 5724 elongavi
2458 5657 2543 5710 fu—

1503 5725 1656 5795 giens
1697 5734 1749 5781 ct
1773 5726 1952 5783 mansi
1987 5727 2041 5782 iu
2073 5726 2387 5783 solitudine.

2037 2216 2132 2298 gii,
2180 2216 2235 2281 ὁὶ
2270 2216 2486 2284 λοιποί
2522 2227 2764 2289 δικάσεις
2794 2241 2908 2297 μοι,
2932 2233 2987 2279 et
3014 2222 3231 2277 lectioni
3258 2219 3511 2275 codicum
3547 2216 3635 2268 fa-

2959 2504 3257 2559 ΔΚΥΛΑΣ.

2660 2646 2711 2702 Ι.
2742 2644 2835 2717 Τῷ
2866 2643 3208 2717 νικοποιῷηὲν
3228 2641 3435 2712 ψαλμοῖ
3512 2641 3643 2693 ἐπι-

2589 2715 2856 2788 στήμσνός
2880 2716 2973 2770 τοῦ
3004 2715 3183 2768 Δαυίδ.

2656 2811 2711 2874 5,
2739 2810 2790 2864 4.
2824 2854 2838 2866 .
2874 2850 2888 2863 .
2934 2851 2949 2866 .
2983 2809 3041 2861 ὲν
3063 2807 3247 2881 ὁμιλίᾳ
3283 2823 3407 2877 μου.

2676 3111 2998 3181 Ἀνωςρελὲς.

2666 3343 2719 3399 5.
2762 3345 2823 3396 Ἢ
2878 3341 3072 3413 καρδία
3108 3357 3209 3411 μου
3261 3338 3533 3408 ὼδίνησεν
3589 3340 3649 3393 ἐν

2593 3414 2812 3484 ὶγκάτῳ
2837 3431 2956 3484 μου.

2664 3505 2717 3560 6.
2752 3504 3072 3576 Εῑλίνδησις.

2672 3595 2725 3663 7,
2751 3595 2802 3650 8.

2986 3968 3266 4039 AQUILA.

2672 4066 2698 4119 ἱ
2786 4062 2993 4119 Victori
3042 4064 3096 4118 in
3148 4058 3370 4132 psalmis
3422 4053 3654 4113 scientis

2601 4137 2771 4207 ipsius
2802 4136 2990 4190 David.

2673 4301 2727 4366 3,
2759 4299 2812 4354 4.
2846 4298 2974 4353 ...in
3001 4293 3276 4352 colloouio
3309 4306 3450 4346 meo.

2678 4813 3052 4871 inutilitatem.

2685 5188 2736 5242 5.
2776 5187 2886 5241 Cor
2932 5199 3114 5239 meum
3146 5180 3437 5255 parturivit
3491 5179 3550 5235 in
3589 5181 3664 5236 vi-

2615 5259 2863 5316 sceribus
2899 5257 3062 5312 meis.

2684 5419 2739 5477 6.
2781 5419 3104 5477 Convolutio

2688 5515 2739 5583 7,
2766 5514 2818 5571 8.
