3870 6216
204 245 316 302 εδδ

528 355 931 415 ΣΥΜΜΑΧΟΣ.

273 492 327 548 3.
359 494 613 559 Δικάσεις
642 514 756 566 μοι.

271 585 329 641 6.
371 585 736 658 ’Υπέρεισμα.

273 679 325 732 7.
370 680 759 734 Ἀνταποδώσει
786 681 931 734 κακὰ
970 683 1081 746 τοῖς
1111 684 1247 738 ἀπο-

191 750 496 826 τειχίζουσί
528 768 597 822 με
620 767 633 780 ·
663 753 721 826 ἐν
749 755 816 826 cf;
869 753 1099 826 ἀληθείᾳ
1148 772 1244 808 σου

191 819 586 890 ducam-qm
625 819 840 884 αὐτοὺξ.

275 909 328 965 8.
509 1002 959 1062 SYMMACHUS.

271 1099 326 1152 3.
358 1095 639 1156 Judicabis
669 1099 824 1154 mihi.

272 1259 328 1314 6.
362 1257 822 1318 Sustentaculum.

275 1426 330 1478 7.
367 1425 650 1481 Retribuet
687 1427 823 1480 mala
849 1425 1242 1495 depellentibus

196 1511 332 1552 me:
395 1497 452 1551 in
501 1498 728 1553 veritate
783 1507 874 1551 tua
930 1506 1107 1552 tacere
1163 1497 1248 1553 fac

199 1582 320 1622 808.

272 1797 329 1853 8.

1591 253 1866 310 PSALMU
1879 256 1913 311 S
1955 256 2088 312 LIV.

1796 370 1886 422 20'.

1393 502 1444 555 5.
1483 505 1680 576 Κρῖνὸν
1705 524 1792 575 με.
1828 507 1906 572 E',
1943 510 2150 581 κρινεῖς
2182 527 2292 580 μοι.

1391 592 1442 646 6.
1490 593 1699 666 Ἀντιλή
1707 613 1879 666 πτωρ.

1392 683 1444 756 7.
1518 685 1872 756 Ἀποστρέψει
1929 686 1996 739 τὰ
2048 689 2196 742 κακὰ
2255 691 2364 754 τοῖς

1319 753 1534 830 ἐχθροῖς
1574 773 1696 825 μου,
1725 753 1814 830 ’ἐν
1868 760 1934 830 τῇ
1998 758 2224 830 ἀληθείᾳ
2269 777 2360 812 σου

1318 823 1698 896 ἐξολόθρεὺσον
1732 823 1951 891 αὑτούξ.

1387 915 1440 968 8.
1481 916 1776 980 Ἑκουσίως
1807 917 1954 970 θύσω
1984 935 2088 972 σοι.

1482 1007 1625 1060 LXX
1659 1007 2164 1067 INTERPRETES.

1394 1103 1448 1158 5.
1475 1100 1669 1158 Judica
1691 1119 1796 1158 me.
1825 1101 1891 1170 V,
1910 1103 2186 1174 judicabis
2210 1105 2368 1160 mihi.

1391 1264 1446 1318 6.
1477 1263 1797 1335 Susceptor.

1393 1427 1444 1480 7.
1476 1427 1694 1481 Avertet
1729 1428 1868 1482 mala
1906 1429 2142 1484 inimicis
2180 1446 2317 1486 mets
2347 1448 2361 1485 :

1323 1495 1376 1552 in
1399 1498 1625 1552 veritate
1660 1506 1751 1552 tua
1785 1499 2034 1569 disperde
2065 1501 2209 1555 illos.

1389 1797 1441 1851 8.
1468 1797 1786 1854 Voluntarie
1816 1799 2138 1855 sacriﬁcabo
2172 1800 2290 1855 tibi.

1090 1962 1267 2021 Nota;
1297 1968 1357 2020 et
1397 1958 1587 2022 variaa
1629 1959 1940 2023 lectiones
1970 1963 2047 2023 ad
2073 1963 2394 2025 Psalmum
2428 1963 2588 2024 LIII.

202 2074 331 2118 vere
369 2060 600 2135 vide_tur.
659 2058 1027 2135 Coislinianus
1077 2075 1206 2114 vero
1246 2076 1396 2135 unus
1441 2062 1632 2128 habet,
1669 2062 1776 2129 'A.,

203 2135 432 2203 S.._p.o_..‘
468 2131 545 2196 E',
575 2133 781 2203 κρίνέῖς
814 2147 901 2200 με.

273 2199 342 2256 ν.
373 2201 428 2258 6.
458 2203 540 2268 Σ.,
571 2199 900 2272 ὑπέρεισμα.
936 2199 1227 2255 Eusebius.

524 2453 925 2544 EYMli-‘IAXOE.

272 2631 327 2684 l.
357 2628 652 2700 ’Emviattov
683 2629 772 2700 διὰ
785 2627 1099 2700 ψαλτηρίων
1124 2629 1251 2698 περὶ

197 2700 472 2762 συνέσεως
493 2699 589 2752 τοῦ
626 2699 807 2752 Δαυίδ.

271 2791 328 2854 5,
493 2789 852 2872 κατηνέχθην
929 2788 1249 2872 προςλαλῶν

197 2860 447 2930 ἐμαυτῷ,
477 2861 571 2913 καὶ
629 2860 924 2930 συνεχύθην
970 2861 1074 2911 ὑπὸ
1134 2877 1249 2928 φω-

198 2934 303 3051 ἒῆξ
333 2931 548 3000 ἐχθροῦ,
599 2929 708 2983 ἀπὸ
740 2930 1071 2999 ἐνοχλήσεως
1127 2934 1253 2982 ἀσε-

237 3017 352 3064 ους.

305 3093 402 3143 Οτι
432 3088 748 3161 ἐπέγραψαν
787 3091 909 3142 κατ’
954 3089 1088 3159 ἐμοῦ
1124 3090 1252 3161 ᾁᾳὲ-

201 3161 382 3224 ϐειαν,
413 3159 506 3214 καὶ
546 3157 664 3231 μετ⁴
697 3160 866 3230 ὀργῆς
911 3157 1244 3229 ἠναντιώθη-

206 3231 310 3284 σάν
339 3246 449 3300 μοι.

277 3327 330 3382 5.
381 3327 444 3380 Ἦ
485 3325 683 3397 καρδία
737 3341 836 3394 μου
895 3325 1252 3398 διεστροφᾶτο

198 3398 354 3451 ἔνδον
382 3415 506 3468 μου.

276 3489 332 3543 6.
360 3489 558 3561 Φρίκη.

273 3581 331 3650 7,
369 3579 420 3633 8.
455 3582 565 3633 Καὶ
593 3576 766 3645 εἶπον,
807 3580 902 3642 Τίς
957 3579 1116 3633 δώσει
1161 3597 1250 3650 μοι

201 3649 482 3722 πτέρυγας
515 3652 646 3722 ὡσεὶ
694 3653 1042 3722 περιστερᾶς,
1090 3649 1251 3722 πετα-

204 3721 421 3791 σθῆναι,
455 3721 548 3774 καὶ
583 3721 941 3792 ἐδραᾳθῆναιζ
965 3721 1154 3792 πόρρω
1178 3721 1249 3792 »ἂν

201 3790 438 3862 ἐποίησα
456 3792 555 3862 τὴν
579 3790 922 3862 ἀναχώρησίν
953 3790 1076 3862 μον,
1103 3790 1250 3860 ηὐλι-

202 3860 383 3931 ζόμην
409 3860 475 3914 ἂν
502 3860 558 3914 ἐν
581 3864 644 3932 τῇ
675 3860 889 3933 ἐρήμῳ.

511 3954 594 4010 SY
604 3954 963 4011 MMACHUS.

278 4052 332 4106 Ι.
367 4049 722 4121 Triumphale
756 4067 853 4122 per
884 4052 1142 4120 psalteria
1184 4051 1252 4106 de

203 4123 561 4194 intelligentia
588 4123 760 4192 ipsius
791 4122 981 4177 David.

279 4283 336 4349 3,
377 4285 432 4339 4.
477 4283 759 4340 Demissus
804 4300 926 4339 sum
953 4284 1253 4354 'alloquens

204 4356 506 4423 meipsum,
540 4365 594 4409 et
612 4354 876 4410 confusus
900 4370 1020 4409 sum
1051 4369 1082 4407 a
1118 4370 1253 4409 voce

205 4424 441 4491 inimi‘ci,
489 4439 521 4479 a
551 4427 930 4481 molestatione
959 4425 1134 4494 impii.

283 4794 550 4863 Quoniam
610 4794 1004 4864 inscripserunt
1067 4803 1256 4849 contra

211 4882 304 4922 me
331 4867 681 4935 impietatem,
711 4873 764 4920 et
796 4881 921 4920 cum
953 4866 1034 4919 ira
1063 4869 1257 4920 adver-

212 4937 320 4993 sati
346 4946 472 4992 sunt
510 4936 664 4990 mihi.

289 5168 342 5223 5.
372 5167 482 5224 Cor
529 5181 710 5222 meum
757 5165 1074 5222 volvebatur
1119 5164 1262 5220 intra
1306 5212 1317 5224 .

213 5253 332 5296 me.

291 5401 344 5456 6.
376 5398 600 5454 Horror.

291 5491 344 5558 7,
374 5491 426 5546 8.
455 5491 523 5545 Et
560 5491 710 5546 dixi:
745 5488 878 5556 Quis
925 5489 1058 5543 mihi
1108 5490 1259 5544 dabit

217 5578 426 5633 pennas
452 5563 595 5616 sicut
632 5560 1028 5633 columbm,_ad
1071 5563 1256 5633 volan-

219 5631 351 5686 dum
397 5641 451 5685 et
505 5632 891 5686 insidendum?
924 5631 1103 5698 Longe
1152 5632 1255 5684 nti-

221 5718 328 5772 que
357 5702 604 5759 fecissem
630 5704 992 5760 secessiOnem
1027 5717 1201 5756 meam
1239 5720 1252 5755 :

2762 373 3157 428 ΘΕΟΔΟΤΙΩΝ.

2761 1011 3175 1072 ΤΙΙΕΟΒΟΤΙΟ.

1965 2133 2026 2188 ν.
2066 2136 2120 2190 8.
2149 2135 2256 2203 ’A.,
2282 2137 2339 2188 ἐν
2370 2133 2719 2205 ἐκουσιασμῷ
2743 2142 2846 2190 etc.
2873 2133 3012 2192 Ibid.

1559 2386 1700 2447 PSA
1711 2386 1924 2448 LMUS
1966 2386 2126 2446 LIV.

1810 2493 1888 2543 0'.

1395 2631 1443 2682 1.
1481 2631 1574 2692 Εἰς
1606 2629 1666 2682 τὸ
1690 2630 1864 2694 τέλος,
1898 2630 1955 2682 ἐν
1984 2627 2175 2700 ὕμνοις
2216 2627 2370 2680 συνὲ-

1324 2717 1461 2761 σεως
1489 2701 1566 2769 τῷ
1596 2700 1776 2752 Δαυίδ.

1392 2792 1445 2854 5,
1479 2792 1530 2844 4.
1565 2790 1875 2861 Ἐλυπήθην
1902 2791 1960 2842 ἐν
1991 2792 2057 2860 τῇ
2085 2790 2370 2859 ἀδολεσχίᾳ

1325 2879 1450 2931 μου,
1504 2862 1598 2914 καὶ
1654 2861 1959 2930 ἐταράχθην
2021 2861 2129 2914 ἀπὸ
2188 2863 2370 2930 φωνῆς

1323 2931 1540 3001 ἐχθροῦ,
1571 2933 1664 2984 καὶ
1693 2932 1800 2984 ἀπὸ
1829 2932 2061 3000 θλίψεως
2113 2932 2371 3001 ἁμαρτω-

1322 3002 1433 3054 λοῦ.
1472 3003 1696 3065 Ἀλλος
1726 3043 1741 3065 ,
1783 3002 1840 3054 ὲν
1867 3005 1933 3072 τῇ
1972 3001 2210 3072 μερίμνῃ
2243 3017 2368 3070 μου.

1395 3092 1518 3148 ’Ὁτι
1546 3093 1818 3157 ἐξέκλιναν
1851 3093 1936 3144 ἐπ’
1983 3092 2082 3162 ἐμὲ
2115 3091 2368 3162 ἀνομίαν,

1322 3165 1416 3216 καὶ
1444 3166 1498 3217 ἐν
1535 3166 1670 3235 ὀργῇ
1713 3163 1990 3217 ἐνεκότουν
2031 3180 2141 3232 μοι.

1324 3398 1350 3448 ὲ
1494 3328 1557 3379 Ἠ
1589 3326 1790 3396 καρδία,-
1841 3343 1944 3394 μου
1975 3324 2246 3395 ἐταράχθη
2310 3326 2369 3377 ἐν

1361 3415 1427 3449 uo
1456 3439 1468 3449 .

1399 3415 1468 3450 οι.

1359 3415 1468 3467 μοι.

1394 3490 1448 3542 6.
1485 3489 1701 3551 Σκότος.

1397 3579 1447 3641 7,
1477 3579 1528 3632 8.
1564 3579 1680 3632 Καὶ
1705 3573 1854 3631 ein-1°
1913 3577 2008 3640 Τίς
2064 3576 2224 3630 δώσει
2278 3592 2367 3646 μοι

1327 3649 1607 3717 πτέρυγας
1633 3649 1762 3701 ὡσεὶ
1784 3646 2112 3717 περιστερᾶς
2128 3664 2143 3712 ;
2165 3647 2261 3698 καὶ
2273 3663 2369 3717 πε-

1321 3716 1657 3788 τασθήσομαι
1708 3720 1801 3771 καὶ
1847 3716 2187 3788 ἀναπαύσω.
2221 3716 2366 3788 ΑἸᾷοὺ

1321 3786 1605 3860 ἐμάκρυνα
1621 3789 1959 3857 φυγαδεύων,
1987 3789 2082 3840 καὶ
2106 3786 2369 3858 ηὐλίσθην

1322 3861 1380 3912 ἐν
1404 3862 1469 3930 τῇ
1509 3860 1607 3930 ἐρή
1618 3878 1722 3930 μῳ.

1496 3953 1640 4007 LXX
1678 3953 2179 4009 INTERPRETES.

1399 4051 1449 4103 l.
1480 4051 1538 4105 In
1576 4050 1759 4112 linem,
1807 4052 1864 4105 in
1911 4051 2248 4107 carminibus
2284 4049 2366 4103 in-

1326 4121 1573 4176 tellectus
1613 4121 1804 4176 David.

1398 4283 1450 4348 5,
1482 4282 1535 4336 4.
1567 4282 1934 4339 Contristatus
1968 4299 2089 4339 sum
2126 4283 2182 4338 in
2212 4297 2373 4338 excr-

1327 4353 1584 4407 citatione
1663 4369 1805 4416 mea,
1880 4364 1933 4408 et
2013 4353 2371 4408 conturbatus

1329 4438 1450 4477 sum
1492 4439 1522 4477 a
1554 4438 1684 4477 voce
1712 4425 1941 4488 inimici,
1964 4434 2018 4477 et
2067 4439 2096 4477 a
2146 4423 2374 4477 tribula-

1329 4493 1476 4547 tione
1532 4495 1855 4562 peccatoris.
1895 4495 2067 4561 Alius,
2104 4494 2160 4548 in
2189 4493 2373 4548 solici-

1330 4563 1517 4618 tudine
1534 4578 1674 4618 mea.

1401 4794 1670 4860 Quoniam
1721 4795 2132 4851 declinaverunt
2184 4797 2373 4852 contra

1331 4880 1418 4919 me
1453 4865 1836 4934 iniquitatem:
1873 4876 1926 4922 et
1953 4867 2006 4920 in
2033 4867 2114 4922 ira
2159 4867 2371 4922 molesti

1329 4946 1484 4990 erant
1506 4937 1664 4991 mihi.

1336 5236 1348 5247 θ
1405 5166 1456 5220 5.
1486 5166 1593 5221 Cor
1629 5181 1811 5222 meum
1857 5166 2241 5224 conturbatum
2290 5176 2377 5224 est

1334 5253 1390 5291 In
1417 5252 1525 5292 Ille.

1402 5397 1452 5453 6.
1489 5397 1765 5454 Tenebrae.

1401 5491 1453 5555 7,
1483 5490 1536 5543 8.
1575 5489 1640 5542 Et
1672 5492 1783 5544 dixi
1812 5509 1822 5544 :
1879 5490 2013 5556 Quis
2051 5491 2201 5546 dabit
2233 5492 2369 5548 mihi

1328 5577 1535 5631 pennas
1579 5563 1718 5614 sicut
1746 5562 2040 5614 columbae?
2067 5570 2121 5615 et
2153 5564 2369 5628 volabo,

1329 5642 1381 5685 et
1410 5633 1766 5698 requiescam.
1827 5632 1963 5685 Ecce
2001 5632 2247 5699 elongavi
2283 5633 2371 5686 luo

1329 5703 1503 5772 gicns,
1527 5712 1579 5757 et
1609 5701 1783 5756 mansi
1813 5702 1868 5756 in
1903 5701 2214 5758 solitudine.

2454 4300 2459 4307 -
2513 4281 2646 4351 5,4.

2762 2485 3160 2540 ΘΕΟΔΟΤΙΩΝ.

2736 3948 3158 4008 ΤΗΕΟΒΟΤΙΟ.

3371 261 3472 317 854

1961 2063 2025 2116 ν.
2057 2064 2105 2117 7.
2137 2066 2221 2130 Σ.,
2249 2063 2618 2119 ἀνταποδώσει
2651 2069 2755 2118 etc.
2785 2063 3051 2123 Eusebius
3077 2065 3134 2122 in
3164 2063 3441 2125 Psalmoa.
