3870 6216
377 214 483 272 855

655 338 743 394 ΤΟ
774 339 1144 396 ΕΒΡΑΙΚΟΝ.

374 515 489 569 mo
540 516 694 568 man
745 489 801 565 ’Β
854 492 1029 570 τείνετο
1089 507 1425 643 misum

373 753 465 803 ’9)
502 732 678 805 ειη-ό)
714 730 813 809 :55
850 757 972 810 me
1009 736 1117 816 ’.ὡς
1171 750 1353 806 12-10

374 848 545 897 D3317
613 854 627 897 Ζ
688 852 829 907 ἾἸὩ
876 852 1000 902 ΞἿἻ
1060 854 1191 905 om
1256 851 1424 904 ’n’N‘l

373 913 514 993 ἓως-π
551 942 658 1016 rei
695 918 1017 999 mnam-‘79
1043 945 1241 997 πωπω
1279 922 1425 997 τήνῇ

374 1028 519 1080 ωηεν
536 1008 675 1085 έκινπ
714 1035 942 1114 πλήρη
982 1038 1138 1087 nun
1180 1043 1193 1086 :
1234 1042 1427 1115 map:

865 1132 1067 1183 manu
1101 1134 1183 1206 ἰη
1219 1137 1426 1187 nan-1n

374 1402 531 1452 ΝΜ
568 1402 758 1455 ’ΣΞἾΠἿ
796 1406 1050 1459 ωδε-κ’)
1086 1410 1140 1459 ’3
1178 1403 1356 1458 15-15

374 1491 559 1544 unum
624 1467 813 1547 ’ῆν-πλη
897 1472 988 1553 ’ὃν
1070 1478 1426 1554 ’διεῖπε-κε)

375 1559 531 1635 ἐὗδε
602 1586 764 1642 una:
827 1590 969 1641 mm
1036 1594 1179 1643 unm
1222 1600 1234 1641 :
1273 1596 1425 1645 una

372 1679 514 1733 n32:
544 1683 639 1734 τηε
675 1682 857 1764 ptum
894 1688 1010 1737 rm?
1047 1691 1178 1764 -πτξκ
1199 1696 1211 1738 :
1233 1690 1424 1764 unum

866 1778 1027 1829 tvm:
1072 1754 1206 1835 T'Sru
1244 1758 1422 1836 uvn‘m

759 2030 926 2112 1D“?!
974 2063 988 2100 I
1031 2056 1242 2110 minim
1282 2050 1355 2105 16

834 2220 1056 2277 mum
1090 2223 1232 2280 nm
1246 2224 1282 2241 ‘
1296 2223 1348 2274 73

480 2396 733 2453 VERSIO
761 2397 1083 2455 llEBRAlCl
1122 2397 1326 2454 ΤΕΧΤ.

376 2506 517 2553 τοη.,
539 2500 594 2545 ct
618 2491 729 2544 dixi
759 2509 771 2544 :
805 2490 941 2557 Quis
961 2492 1112 2546 dabit
1139 2493 1271 2546 mihi
1295 2508 1423 2561 pen-

375 2576 476 2616 nas
508 2562 795 2625 columbae,
836 2570 897 2615 ut
924 2563 1099 2616 volem
1130 2572 1183 2615 et
1206 2565 1423 2632 requie—

375 2647 523 2689 scam
548 2632 571 2685 ?
601 2642 662 2685 ut
701 2632 891 2700 procul
933 2633 1145 2698 abeam,
1177 2640 1231 2687 et
1272 2649 1424 2689 com-

372 2716 558 2758 morer
585 2704 638 2756 in
672 2702 908 2757 deserto.

444 2795 500 2851 9.
542 2793 871 2849 Acceleraho
902 2792 1212 2849 evasioncm
1261 2794 1417 2861 mihi,

373 2881 406 2921 a
442 2874 604 2920 vento
652 2865 888 2919 excitato
933 2879 962 2917 a
994 2864 1229 2919 turbine.
1289 2864 1420 2919 Hie-

370 2953 513 2997 ron.,
546 2934 818 2989 festinabo
848 2942 909 2987 ut
946 2935 1121 2989 salver
1146 2950 1177 2987 a
1224 2936 1420 3004 spiritu

370 3006 712 3075 tempestatis
737 3013 792 3060 et
817 3004 1068 3060 turbinis.

448 3098 631 3154 10-12.
682 3094 913 3168 Degluti,
945 3097 1192 3166 Domine,
1241 3099 1421 3155 divide

374 3167 617 3240 linguam
648 3167 860 3233 eorum,
896 3169 1154 3239 quoniam
1187 3170 1298 3240 vidi
1330 3186 1418 3224 ra-

373 3239 558 3309 pinam
586 3249 637 3294 et
670 3240 843 3293 rixam
878 3241 933 3293 in
959 3240 1197 3293 civitate.
1233 3239 1327 3294 Die
1356 3257 1420 3297 ac

374 3319 536 3366 nocte
566 3310 1044 3365 circumdederunt
1084 3325 1202 3364 eam
1253 3325 1419 3379 super

374 3395 564 3435 muros
590 3380 709 3447 ejus
738 3398 751 3433 :
793 3388 847 3433 et
880 3380 1143 3448 iniquitas
1172 3388 1224 3436 et
1263 3382 1419 3436 labor

373 3452 432 3505 in
466 3451 711 3504 interiori
750 3450 888 3520 ejus.
928 3449 1299 3505 Pravitatesin
1332 3452 1416 3507 in-

373 3520 564 3575 teriori
590 3520 709 3588 ejus
734 3539 747 3575 :
779 3530 832 3573 et
858 3522 1219 3591 nonireeedet
1238 3536 1268 3575 e
1296 3522 1417 3591 pla-

372 3601 462 3645 tea
490 3591 635 3659 ejus.
662 3594 811 3645 fraus
857 3599 910 3644 et
957 3590 1136 3644 dolus.
1174 3590 1420 3657 Hieron"

372 3661 673 3731 praecipita,
712 3660 958 3724 Domine,
987 3660 1177 3731 divide
1208 3660 1421 3731 linguas

374 3730 589 3786 eorum.
605 3730 871 3796 Quoniam
893 3731 999 3783 vidi
1019 3730 1354 3798 iniquitatem
1370 3740 1423 3785 et

375 3800 859 3856 contradictionem
890 3801 943 3853 in
975 3801 1208 3854 civitate.
1237 3800 1330 3854 Die
1357 3817 1421 3854 ac

372 3879 535 3925 nocte
565 3872 970 3925 circumeuntes
995 3885 1206 3923 muros:
1242 3872 1421 3926 scelus

371 3950 431 3996 ct
460 3940 613 3995 dolor
651 3940 705 3993 in
742 3940 920 3993 medio
956 3940 1095 4007 ejus.
1122 3940 1335 3994 Insidias
1364 3942 1417 3994 in

372 4012 631 4065 vitalibus
644 4011 785 4078 ejus,
805 4018 859 4063 et
877 4024 982 4063 nou
1004 4009 1204 4063 recedit
1221 4010 1286 4064 de
1305 4012 1419 4079 pla-

373 4082 477 4136 teis
493 4081 612 4150 ejus
628 4081 885 4135 damnum
913 4089 967 4134 et
992 4079 1373 4135 fraudulentia.

451 4172 636 4227 13-15.
699 4170 968 4237 Quoniam
1016 4187 1124 4225 non
1163 4172 1417 4226 inimicus

369 4242 799 4316 probrisaﬂ‘ecit
830 4258 934 4307 me,
966 4251 1020 4296 et
1069 4242 1274 4307 feram;
1304 4258 1414 4316 non

373 4313 502 4371 odio
526 4313 732 4367 habens
767 4328 853 4365 me
882 4328 1044 4380 super
1092 4328 1178 4366 me
1207 4313 1415 4382 magni-

373 4383 638 4446 ﬁcavit,et
654 4383 983 4437 abscondam
1004 4398 1089 4437 me
1105 4384 1340 4437 abeo.Et
1359 4392 1419 4436 tu.

373 4456 542 4510 homo
593 4453 891 4507 secundum
952 4455 1410 4521 comparationem

372 4540 553 4580 meum
581 4535 595 4579 :
649 4530 947 4592 praeceptor
973 4532 1230 4587 meus,_et
1249 4531 1411 4577 notus

373 4609 551 4658 meus,
586 4594 679 4661 qui
708 4594 871 4647 simul
899 4593 1057 4646 dulce
1078 4593 1412 4648 habebamus

372 4674 667 4725 secretum,
703 4662 757 4716 in
781 4665 943 4715 domo
966 4661 1061 4716 Dei
1098 4663 1413 4718 ambulaba-

372 4751 500 4789 mus
521 4735 573 4786 in
595 4734 845 4802 strepitu.
863 4732 1083 4786 Hieron.
1099 4747 1237 4797 ,non
1266 4733 1411 4787 enim

372 4805 630 4859 inimicus
670 4802 1016 4872 exprobravit
1049 4803 1182 4856 mihi
1212 4813 1415 4860 utsus-

372 4876 577 4929 tineam
633 4891 646 4925 :
706 4888 882 4941 neque
934 4873 981 4926 is
1043 4873 1133 4941 qui
1201 4877 1420 4939 oderat,-

373 4961 537 5014 super
564 4957 652 4996 me
676 4942 1059 5014 magnificatus
1074 4950 1176 5006 est,
1198 4952 1259 4996 ut
1286 4946 1412 4999 abs-

374 5010 583 5069 coiular
640 5013 709 5065 ab
736 5010 824 5066 eo.
857 5010 963 5067 Sed
992 5021 1049 5065 tu
1082 5014 1244 5066 homo
1280 5030 1416 5067 una-

371 5086 539 5139 nimis
578 5098 755 5145 meus,
808 5082 919 5135 dux
959 5097 1112 5135 meus
1145 5090 1199 5136 et
1252 5093 1412 5138 notus

372 5168 550 5209 meus.
588 5153 692 5218 Qui
718 5152 894 5225 simul
931 5152 1223 5225 habuimus
1256 5154 1414 5225 dulce

374 5238 670 5287 secretum,
714 5224 768 5276 in
807 5223 970 5276 domo
1000 5221 1093 5275 Dei
1109 5221 1412 5277 ambulavi-

372 5310 497 5348 mus
520 5295 576 5347 iu
613 5302 836 5346 terrore.

447 5380 531 5435 16.
564 5382 790 5436 lnducat
821 5391 1048 5436 mortem
1082 5396 1243 5452 super
1295 5399 1409 5439 eos.

373 5451 620 5515 Hieron.,
649 5456 834 5507 veniat
872 5467 1020 5506 mors
1054 5468 1216 5522 super
1246 5469 1361 5508 eos.

446 5543 584 5608 Quia
633 5543 777 5596 mala
829 5544 882 5596 in
933 5543 1265 5598 habitatione
1314 5561 1403 5599 eo.

374 5630 521 5685 rum.
560 5611 800 5685 Hierom,
853 5615 1111 5682 quoniam
1160 5616 1415 5685 nequitia:

376 5681 443 5738 in
457 5681 880 5751 congregatione
903 5698 1112 5738 eorum.

1510 218 1985 277 HEXAPLORUM
2029 217 2194 287 QUAE
2238 214 2458 274 SUPER
2468 213 2671 275 SUNT.
3564 218 3675 271 8.56

1770 345 1857 397 ΤΟ
1898 344 2245 397 EBPAIKON
2976 337 3276 394 ΑΚΥΛΔΣ.

1649 414 1980 487 Ἑλληνικοῖς
2025 415 2335 485 γράμμασι.

1567 509 1621 563 9.
2692 504 2743 558 9.
2775 502 3002 556 Σπεύσω
3037 499 3344 569 διασωσμὸν
3386 498 3515 568 ἐμοὶ
3566 500 3678 551 ἀπο

2617 575 2750 632 πνεύ
2760 592 2925 645 ματος
2938 570 3276 626 λαιλαπώδου
3285 588 3332 636 ς,
3350 570 3461 623 ἀπὸ
3477 570 3677 622 λαίλα-

1572 738 1782 808 ιο-ηη
2618 668 2874 794 mia-12.
2916 734 3100 807 ὀφλης

2618 668 2874 794 πθῖἒῦ-ΙΞ.
2916 734 3172 807 Ὀφλημα
3206 732 3301 785 καὶ
3327 732 3602 785 ἐπίθεσιν.

1576 1399 1766 1456 15-15.
2686 1388 2869 1447 13—15.
2948 1391 3015 1446 Οἳ
3071 1389 3205 1463 ὁμοῦ
3279 1388 3671 1458 ἐγλυκάναμεν

2615 1462 2943 1536 ἀπόρῤητον.

1568 2055 1655 2111 16.
2680 2049 2766 2104 16.
2817 2048 3037 2115 Ἐπάξει
3062 2048 3096 2101 οη

2680 2049 2766 2104 16.
2817 2048 3037 2115 Ἐπάξει
3062 2048 3289 2102 θάνατον
3315 2047 3401 2100 ἐπ’
3435 2045 3664 2109 αὐτούς.

2681 2210 2803 2261 Ὄτι
2832 2207 3085 2278 πονηρίαι
3116 2209 3175 2259 ἐν
3222 2210 3497 2278 συστροφῇ
3558 2227 3663 2263 αυ-

2607 2295 2714 2335 των
2721 2322 2734 2335 .

1695 2399 2023 2457 VULGATA
2063 2400 2340 2456 LATINA.
2998 2391 3273 2457 AQUILA.

1564 2794 2047 2867 9.,Exspectabam
2069 2811 2194 2851 eum
2212 2796 2303 2866 qui
2323 2796 2535 2851 salvum
2680 2786 2747 2867 9..
2768 2785 3111 2867 Accelerabo.
3146 2784 3465 2867 evasionem.
3490 2786 3641 2842 mihi

1494 2882 1582 2921 me
1621 2858 1819 2922 fecit'a
1872 2858 2323 2937 pusillanimitate
2376 2868 2539 2936 spiri-
2609 2858 2863 2927 aspirilu
2915 2858 3022 2911 Iui'l

2041 2858 2323 2921 αηίιηῑιὶηο
2376 2868 2539 2936 spiri-
2609 2858 2863 2927 aspirilu
2915 2858 3181 2923 tui'biuis,
3238 2872 3269 2910 a
3321 2858 3567 2911 turbine.

1496 2946 1604 3001 tus,
1638 2947 1691 2993 et
1717 2947 2051 3007 tempestate.

1564 3097 1755 3152 10—19.
1784 3095 2088 3165 Prmcipita,
2112 3095 2360 3161 Domine,
2387 3106 2441 3153 et
2462 3098 2542 3153 di-
2675 3092 2851 3151 10-12.
2870 3092 3116 3150 Debitum
3134 3102 3186 3149 et
3204 3092 3658 3149 fraudulentiam.

1490 3169 1612 3223 vide
1642 3170 1853 3238 linguas
1880 3184 2101 3223 eorum:
2140 3169 2397 3237 quoniam
2429 3170 2538 3224 vidi

1492 3238 1835 3309 iniquitatem
1866 3249 1919 3292 et
1949 3239 2432 3293 contradictionem
2484 3240 2536 3294 in

1490 3308 1728 3364 civitate.
1757 3308 1853 3363 Die
1896 3324 1961 3363 ac
1994 3319 2150 3362 nocte
2179 3309 2539 3364 circumdabit

1488 3395 1608 3434 eam
1649 3394 1812 3449 super
1846 3394 2036 3433 muros
2085 3379 2205 3445 ejus
2252 3379 2535 3447 iniquitas,

1489 3458 1544 3503 et
1573 3450 1728 3503 labor
1759 3450 1813 3503 in
1845 3450 2024 3503 medio
2062 3449 2182 3515 ejus
2213 3456 2266 3502 et
2317 3450 2532 3517 injusti-

1496 3520 1592 3574 tia.
1623 3519 1689 3573 Et
1715 3534 1821 3590 non
1852 3518 2049 3574 defecit
2073 3520 2138 3574 de
2175 3519 2367 3587 plateis
2413 3520 2533 3590 ejus

1496 3605 1661 3645 usura
1692 3598 1747 3644 et
1776 3589 1955 3645 dolus.

2676 4172 2864 4225 13-15.
2899 4169 3001 4236 Qui
3036 4168 3201 4223 simul
3246 4168 3403 4225 dulce
3435 4167 3661 4241 .miscev

2604 4241 2799 4298 bamus
2829 4248 3122 4297 secretum.

1563 4169 1753 4225 13-15.
1820 4168 2088 4237 Quoniam
2163 4170 2211 4226 si
2277 4170 2532 4226 inimicus

1489 4258 1643 4298 meus
1711 4242 2082 4299 maledixisset
2130 4241 2263 4295 milii
2294 4282 2309 4304 ,
2363 4245 2531 4296 susti-

1487 4314 1727 4367 nuissem
1756 4316 1961 4381 utique,
1993 4322 2045 4365 et
2072 4312 2118 4366 si
2150 4313 2194 4366 is
2218 4314 2312 4380 qui
2346 4314 2533 4367 oderat

1486 4399 1575 4437 me
1600 4398 1762 4452 super
1798 4398 1884 4435 me
1917 4397 2111 4451 magna
2148 4381 2365 4452 locutus
2396 4382 2533 4436 fuisc

1486 4462 1589 4515 set,
1628 4451 2034 4507 abscondissem
2073 4466 2157 4505 me
2202 4451 2429 4505 forsitan
2463 4453 2531 4506 ab

1486 4538 1571 4576 eo.
1604 4521 1685 4577 Tu
1719 4537 1846 4575 vero
1893 4523 2058 4575 homo
2087 4523 2385 4584 unanimis.
2418 4522 2529 4576 dux

1486 4608 1661 4655 meus.
1701 4601 1754 4646 et
1784 4601 1947 4646 notus
1998 4607 2172 4652 meus,
2225 4593 2314 4660 qui
2364 4592 2530 4646 simul

1485 4678 1699 4717 mecum
1730 4662 1917 4715 dulces
1948 4662 2201 4729 capiebas
2245 4663 2416 4723 cibos,
2476 4663 2528 4715 in

1484 4734 1647 4785 domo
1679 4732 1774 4787 Dei
1805 4732 2204 4786 ambulavimus
2226 4748 2370 4801 ,ουιιι
2398 4747 2530 4788 con-

1484 4818 1669 4859 SCDSII.

1559 5384 1646 5439 16.
1677 5383 1867 5440 Veniat
1898 5400 2046 5442 mors
2076 5401 2237 5456 super
2264 5385 2406 5439 illos.
2673 5384 2760 5440 16.
2791 5382 3015 5439 Inducet
3044 5393 3274 5441 mortem
3306 5397 3477 5455 super
3508 5398 3628 5441 eos.

2671 5545 2943 5612 Quoniam
2997 5546 3218 5603 malitia-
3264 5546 3317 5601 iu
3358 5556 3511 5602 εωω
3557 5560 3649 5602 ρο·

2599 5630 2742 5673 rum.

1558 5546 1827 5613 Quoniam
1861 5550 2116 5621 nequitia:
2154 5549 2205 5606 in
2242 5548 2526 5607 habitacu-

1486 5614 1553 5673 lis
1582 5633 1791 5674 eorum.
