3870 6216
112 301 215 359 881

447 424 829 479 ΣΥΜΜΑΧΟΣ

195 584 283 639 17.
317 583 430 638 Καὶ
457 583 661 655 Κύριος
691 582 854 636 σώσει
883 600 970 653 με.
1011 583 1016 586 ’

193 740 281 812 19,
316 740 406 812 2D.
455 741 744 795 Πολλοστοὶ
775 741 884 812 γὰρ
916 741 1163 810 ἐγένοντο

118 810 258 882 πρὸς
290 811 412 881 ἐμέ.

193 1044 266 1097 Οὐ
322 1043 430 1114 γὰρ
475 1043 855 1111 ἀλλάσσονται,
913 1044 1032 1098 οὐδὲ
1073 1062 1169 1114 φο-

120 1093 346 1169 εοὸᾆταὶ

188 1344 283 1399 21.
329 1344 601 1417 Ἐξέτεινε-
642 1346 738 1417 τὴν
797 1349 952 1417 χεῖρα
1005 1347 1170 1402 αὑτοῦ

118 1417 202 1478 εἰς
234 1417 360 1485 τοὺς
389 1415 767 1485 εἰρηνεύοντας
800 1415 940 1485 acpbe
968 1419 1127 1472 αὐτόν
1153 1435 1166 1450 ·

118 1484 451 1556 παρέϐησαν
472 1485 767 1556 συνθήκην.

188 1583 284 1636 22.
333 1584 900 1654 Λειότεραγβουτύρου
946 1584 1015 1638 τὰ
1051 1585 1171 1638 στό-

121 1670 270 1726 ματα
303 1653 772 1726 αὐτῷνέΠολεμεζ
800 1653 856 1708 δὲ
896 1657 928 1725 ὴ
975 1657 1171 1726 καρδία

119 1723 933 1795 ὲκάσσεου-αὺῄτῶψγάπαλώτεροι
950 1728 997 1778 οἱ
1025 1723 1170 1793 λόγοι

120 1792 290 1845 αὐτοῦ
330 1792 530 1858 ἐλαίου,
565 1794 719 1858 ὄντες
753 1792 1131 1866 ἀναῖεμητικοί.

186 1951 277 2010 25.
323 1954 529 2026 Ἀγαπή
537 1971 616 2008 σει
645 1971 726 2008 σε.

190 2115 307 2188 Οᾷκ
340 2115 564 2168 ἐκδώσει
601 2117 680 2180 εἰς
709 2116 880 2171 αἰῶνα
921 2117 1173 2188 κλεισθῆ-

124 2202 207 2238 ναι
236 2185 462 2239 δίκαιον.

189 2346 282 2401 24.
321 2346 391 2399 Σὺ
421 2347 499 2409 δὲ,
561 2349 590 2400 ὁ
629 2348 780 2412 Θεὸς,
822 2347 1170 2416 κατενέγκεις

117 2419 321 2480 αὐτοὺς
346 2419 424 2480 εἰς
462 2417 662 2470 λάκκον
693 2417 1006 2488 διαφθορᾶς.

183 2507 481 2576 -Μιαίφονοι
516 2510 610 2580 καὶ
629 2509 791 2580 δόλιοι
809 2510 920 2580 οὐχ
945 2508 1172 2580 ήμισεύ-

117 2595 278 2630 σουσι
317 2579 415 2642 τὰς
448 2579 660 2650 ἡμέρας
691 2579 892 2634 αὐτῶν.

427 2761 875 2817 SY‘MMACHUS.

192 2860 286 2915 17.
326 2858 395 2914 Et
423 2859 685 2914 Dominus
725 2857 958 2913 salvabit
986 2871 1094 2912 me.

196 3159 289 3225 19,
323 3159 413 3213 20.
452 3158 604 3217 Multi
636 3160 781 3216 enim
831 3159 1050 3215 fuerunt
1079 3161 1174 3215 ad-

115 3246 288 3288 νει-δυ
299 3248 348 3285 m
380 3245 487 3287 me.

195 3673 319 3730 Non
351 3651 495 3729 enim
539 3682 840 3742 mutantur,
883 3687 1056 3743 neque
1102 3670 1175 3727 ti-

120 3756 281 3802 ment
319 3745 508 3800 Deum.

197 3906 292 3960 2|.
343 3904 594 3960 Extendit
631 3919 852 3959 manum
901 3919 1057 3958 suam
1103 3903 1170 3957 ad

125 3991 321 4045 pacem
380 3976 640 4030 habentes
699 3991 825 4029 Clllll
873 3990 970 4030 co:
1004 3984 1176 4030 trans-

124 4046 305 4116 gressi
345 4055 475 4100 suut
507 4054 748 4114 paetum.

196 4279 293 4334 22.
320 4278 565 4334 Molliora
593 4280 790 4350 butyro
835 4294 928 4333 ora
987 4293 1174 4350 eorum

123 4349 228 4472 ἑοὶ
277 4349 724 4420 appropinquans
781 4365 876 4430 cor
918 4349 1172 4430 eorum).

174 4430 343 4472 uenat
397 4435 526 4472 vero
586 4436 680 4472 cur
746 4435 1172 4472 umuscumsuue

174 4430 343 4488 ugnat
397 4435 526 4474 vero
586 4436 680 4475 cur
746 4420 1179 4487 uniuscujusque

125 4491 401 4557 ipsorum.
432 4489 703 4544 Molliorcs
727 4506 1012 4545 sermones
1054 4491 1175 4559 ejus

124 4561 252 4613 oleo
309 4575 434 4613 cum
475 4562 584 4613 sint
620 4560 978 4614 dissecantes.

198 4861 291 4917 ετ.
322 4860 515 4932 Diliget
537 4870 611 4916 te.

199 5023 319 5078 Non
352 5026 613 5081 concedet
639 5025 694 5080 in
731 5024 988 5080 saeculum
1027 5021 1177 5079 clau-

119 5095 181 5151 di
215 5097 438 5151 iustum.

199 5250 290 5310 24.
327 5255 407 5310 Tu
436 5272 585 5321 vero,
614 5259 779 5319 Deus.
819 5257 1043 5314 deducis
1077 5272 1173 5314 eos

121 5330 186 5383 in
226 5328 404 5383 laeum
430 5329 818 5398 corruptionis.

201 5556 545 5630 Sanguinarii
578 5569 636 5615 et
667 5563 840 5622 dolosi
871 5579 982 5622 non
1013 5558 1175 5621 dimi-

120 5629 357 5690 dabuut
388 5631 505 5689 dies
533 5647 684 5690 suos.

1517 303 1838 363 PSAL‘MUS
1879 307 2014 363 LIV.

1729 429 1794 482 θ’.

1313 583 1395 636 17.
1451 582 1591 652 Ἐγὼ
1607 583 1752 654 πρὸς
1771 583 1862 636 τὸν
1892 583 2023 637 Θεὸν
2053 582 2284 654 ἐκέκρα-

1241 651 1326 717 ξα,
1361 654 1454 706 καὶ
1484 651 1742 726 ὁΚύριος
1771 654 2055 723 εἰσήκουσὲ
2106 651 2228 723 μού.

1312 749 1399 820 19,
1429 748 1519 804 20.
1553 748 1675 820 "01;!
1701 751 1758 801 ἐν
1790 749 2003 811 πολλοῖς
2030 745 2170 820 ἦσαν
2188 749 2286 802 σὺν

1240 819 1384 888 ἐμοί.
1416 819 1802 872 Εἱσακούσεται
1834 822 1861 871 ὀ
1893 819 2172 880 Θεὸςδιαὶ
2191 837 2286 872 τα-

1241 887 1494 971 πεινώσει
1551 889 1822 953 αὑτοὺς,ὁ
1867 890 2124 959 ὑπάρχων
2182 889 2286 956 πρὸ

1239 975 1348 1011 των
1374 975 1600 1010 αιωνων.

1313 1050 1386 1119 Οὐ
1414 1049 1520 1119 γάρ
1540 1050 1687 1119 ἐστιν
1711 1048 1893 1111 αὐτοῖς
1915 1048 2285 1118 ἀντάλλαγμα⁹

1242 1118 1337 1172 καὶ
1365 1119 1464 1170 οὑκ
1494 1118 1839 1189 ἐφοϐήθησαν
1876 1120 1967 1172 τὸν
1994 1119 2285 1172 Θεόν.”Αλ-

1241 1192 1372 1253 λος,
1398 1189 1478 1241 ὅτι
1506 1190 1534 1240 ὁ
1567 1189 1716 1252 δόλος
1770 1189 2130 1260 ἀντάλλαγμα
2189 1191 2287 1242 αὺ-

1240 1275 1378 1320 τοις.

1312 1351 1402 1422 21ζ
1448 1350 1708 1414 Ἐξέτεινε
1769 1351 1871 1422 τὴν
1925 1353 2082 1422 χεῖρα
2122 1350 2286 1404 αὑτοῦ

1242 1421 1299 1494 ξν
1337 1420 1413 1494 τῷ
1443 1422 1751 1494 ἀποδιδόναι
1771 1438 1784 1451 ·
1812 1420 2157 1492 ἐϐεὸήλὼσαν
2191 1422 2288 1494 τὴν

1241 1491 1501 1561 διαθήκην
1529 1491 1714 1545 αὐτοῦ.

1313 1579 1404 1653 22.
1462 1580 1890 1653 Διεμερίσθησαν
1948 1581 2054 1633 ἀπὸ
2115 1581 2286 1653 ὀργῆς

1243 1648 1338 1723 τοῦ
1372 1648 1882 1723 πρρσώὲτοὸαὺίὲοῦ,
1912 1654 2024 1723 καὶ
2064 1648 2290 1723 ῆγῨισεν

1243 1721 1276 1790 ή
1299 1721 1694 1792 καρδίαᾷαὐτοῦ.
1715 1721 2128 1792 Ἡπαλύνθησαν
2145 1725 2192 1774 οἱ
2211 1723 2291 1775 λό-

1245 1805 1330 1856 γοι
1358 1790 1519 1842 αὐτοῦ
1555 1791 1694 1860 ὑπὲρ
1727 1791 1906 1845 ἔλαιον
1931 1834 1945 1857 ,
2007 1790 2100 1845 καὶ
2137 1793 2290 1845 αὐτοί

1195 1865 1216 1890 ⁸
1245 1861 1348 1911 εἰσι
1383 1859 1604 1930 βολίδες.

1313 1949 1403 2002 25.
1434 1950 1741 2022 Διαθρέψει.
1784 1953 1858 2018 E',
1892 1955 1985 2020 ς’,
2014 1953 2290 2024 ἀγαπήσει

1246 2036 1324 2071 σε.

1315 2113 1390 2187 OQ
1417 2112 1574 2187 δώσει
1603 2116 1682 2176 εἰς
1701 2113 1791 2168 τὸν
1829 2115 1998 2168 αἰῶνα
2029 2117 2185 2169 σάλον
2216 2117 2292 2187 τῷ

1245 2181 1456 2253 δικαίῳ.
1494 2185 1682 2258 ᾌλλ.,
1708 2188 1788 2248 εἰς
1824 2189 2177 2258 μετακίνησιν
2213 2181 2292 2250 εἷς

1243 2267 1303 2303 τε
1333 2255 1597 2324 ταραχήν.

1313 2346 1403 2400 24.
1432 2348 1503 2400 Σὺ
1527 2346 1604 2409 δὲ,
1655 2348 1683 2398 ὁ
1719 2347 1871 2410 Θεὸς,
1913 2349 2166 2412 κατάξεις
2198 2350 2295 2403 αὑ-

1246 2418 1370 2479 τοὺς
1398 2419 1476 2480 εἰς
1506 2417 1684 2486 φρέαρ
1715 2417 2028 2488 διαφθορᾶς.

1319 2509 1545 2580 Ἀνδρες
1573 2509 1820 2578 αἱμάτων
1844 2511 1937 2563 καὶ
1967 2510 2270 2580 δολιότητος

1245 2579 1312 2659 οἰέ-
1343 2579 1417 2650 μὴ
1445 2579 1783 2650 ήμισεύσωσι
1816 2580 1914 2646 τὰς
1957 2579 2172 2652 ἡμέρας
2197 2583 2295 2633 αὺ-

1244 2667 1374 2702 των.

1417 2761 1558 2815 LXX
1598 2761 2099 2817 INTERPRETES.

1324 2857 1407 2910 17.
1450 2857 1563 2927 Ego
1612 2859 1678 2911 ad
1718 2859 1885 2912 Deum
1937 2859 2186 2926 clamavi,
2239 2866 2294 2914 et

1248 2925 1519 2983 Dominus
1547 2930 1824 2983 exaudivit
1863 2943 1967 2983 me.

1319 3160 1406 3225 19,
1452 3160 1540 3216 20.
1589 3161 1858 3227 Quoniam
1895 3162 2036 3219 inter
2087 3165 2290 3222 multos

1246 3240 1402 3286 erant
1442 3246 1678 3285 mecum.
1720 3231 1987 3288 Exaudiet
2043 3234 2186 3289 Deus
2242 3247 2296 3290 et

1247 3301 1557 3422 hulmiliabit
1585 3303 1729 3370 illos,
1772 3305 1866 3373 qui
1910 3314 1994 3360 est
2040 3315 2165 3360 ante
2193 3321 2294 3360 sa:-

1247 3385 1313 3425 cu
1337 3385 1388 3426 a.

1317 3673 1436 3730 Non
1463 3676 1608 3731 enim
1639 3683 1722 3732 est
1750 3676 1858 3731 illis
1903 3679 2284 3742 commutatio,

1246 3752 1301 3799 et
1351 3761 1459 3800 non
1508 3748 1810 3801 timuerunt
1859 3747 2052 3803 Deum.
2107 3749 2284 3814 Alius,

1248 3819 1506 3885 quoniam
1538 3817 1696 3872 dolus
1715 3821 2070 3874 commutatio
2097 3821 2251 3888 ipsis.

1317 3907 1409 3962 2|.
1463 3909 1715 3965 Extendit
1773 3927 1995 3966 manum
2047 3929 2202 3967 suam
2237 3913 2292 3966 in

1249 3979 1599 4036 retribuendo
1627 3984 2191 4062 ;_contamiuaveruut
2215 3994 2291 4038 te-

1249 4058 1578 4106 stamentum
1617 4058 1756 4121 ejus.

1319 4278 1409 4331 22.
1467 4277 1631 4335 Divisi
1681 4295 1810 4338 sunt
1856 4284 1924 4337 ab
1986 4285 2065 4338 ira
2112 4285 2294 4342 vultus

1250 4347 1369 4421 ejus
1397 4358 1494 4421 :et
1523 4355 1976 4421 appropinquavit
2001 4370 2098 4408 cor
2129 4358 2292 4410 illius.

1250 4417 1436 4496 Molliti
1482 4417 1611 4496 sunt
1655 4417 1933 4496 sei-mones
1978 4426 2097 4496 ejus
2132 4443 2295 4496 super

1250 4490 1431 4544 oleum
1465 4509 1478 4544 :
1513 4499 1566 4544 et
1597 4492 1700 4561 ipsi
1734 4490 2086 4563 suntjacula.

1319 4859 1408 4914 23.
1439 4857 1708 4917 Enutriet.
1745 4859 1804 4929 V,
1847 4862 1936 4928 Vl,
1961 4864 2146 4936 diliget
2171 4873 2242 4921 te.

1318 5021 1436 5077 Non
1465 5023 1616 5078 dabit
1658 5024 1713 5078 in
1762 5036 2025 5081 mternum
2063 5028 2292 5083 ﬂuctua-

1244 5093 1449 5147 tionem
1492 5095 1660 5163 justo.
1706 5096 1879 5159 Ah‘us,
1928 5100 1983 5151 in
2017 5107 2294 5155 transmo-

1245 5164 1444 5217 tionem
1473 5175 1527 5219 et
1555 5165 1608 5218 in
1634 5169 2117 5236 perturbationem.

1247 5323 1259 5334 .
1319 5254 1408 5308 24.
1435 5253 1516 5309 Tu
1547 5272 1695 5319 vero,
1725 5257 2170 5339 Deus,_deduces
2198 5274 2293 5315 eos

1244 5340 1300 5378 ιη
1329 5336 1548 5394 puteum
1579 5336 1970 5396 COI‘I‘UpllOIIlS.
2003 5401 2020 5410 ἐ

1322 5557 1428 5612 Viri
1443 5559 1770 5629 sanguinum
1787 5567 1840 5613 et
1862 5559 2163 5618 dolositatis
2178 5568 2289 5617 nOn

1245 5629 1606 5688 dimidiabuut
1633 5632 1748 5686 dies
1782 5645 1934 5687 suos.

3295 299 3402 354 862

2651 425 2659 434 “
2678 421 3076 478 ΘΕΟΔΟΤΙΩΝ.

2431 583 2516 636 17.
2565 581 2704 650 Ἐγὼ
2751 581 2888 651 πρὸς
2915 581 3007 651 τὸν
3039 579 3171 632 Θεὸν
3197 576 3403 648 κεκράσ·

2358 654 2537 724 ξομαι,
2571 655 2663 704 καὶ
2691 650 2894 723 Κύριος
2928 650 3090 704 σώσει
3127 666 3216 718 με.

2432 747 2518 812 19,
2560 744 2650 799 20.

2429 1348 2517 1402 2|.
2555 1347 2814 1411 Ἐξέτεινε
2841 1364 2934 1417 την
2958 1347 3113 1417 χεῖρα
3139 1345 3300 1399 αὐτοῦ
3328 1349 3406 1410 εἰς

2360 1421 2482 1481 τοὺς
2505 1419 2879 1487 εἰρηνεύοντας
2904 1425 3036 1488 πρὸς
3061 1417 3238 1470 αὐτόν·
3268 1434 3391 1488 παρ

2361 1490 2563 1558 έϐησαν
2604 1488 2892 1559 συνθήκην.

2431 1579 2521 1636 22.

2435 2347 2528 2401 21.

2663 2761 3080 2818 TllEODOTIO.

2437 2861 2523 2914 a7.
2560 2860 2670 2932 Ego
2715 2862 2779 2914 ad
2835 2859 3001 2915 Deum
3038 2856 3312 2924 clamabo,
3359 2867 3410 2915 et

2367 2930 2630 2990 Dominus
2658 2932 2884 2987 salvabit
2918 2948 3028 2988 me.

2439 3165 2525 3232 19,
2568 3165 2658 3222 20.

2437 3910 2525 3964 21.
2578 3908 2832 3965 Exteu..t
2875 3925 3095 3966 manum
3150 3926 3306 3967 suam
3345 3911 3410 3966 ad
3504 3902 3507 3905 ’

2366 3996 2552 4050 pacem
2588 3983 2846 4035 habentes
2889 3998 3014 4036 eum
3064 3998 3170 4038 eo:
3231 3991 3412 4037 trans-

2367 4051 2538 4121 gressi
2565 4060 2693 4108 sunt
2725 4062 2944 4121 pactum

2438 4281 2529 4337 22.

2437 4863 2508 4918 9.5

2435 5256 2526 5312 21.
