3870 6216
230 261 332 318 881

552 504 960 567 ΣΥΜΜΑΧΟΣ.

302 658 357 714 5.
389 661 480 745 Μῂ
531 662 697 745 olim];-
733 668 1029 745 ἁμαρτίας,
1058 671 1277 745 ἐπιτρέ-

228 746 415 801 χουσιν
450 734 537 786 ἵνα
570 734 836 791 meum:
853 734 957 808 ’με.

315 825 403 890 Ἐξ
432 826 677 892 ἐναντίας
705 829 843 901 ὑπὲρ
876 831 1034 902 ἐμοῦ.

304 918 354 971 7.
401 921 838 999 ’ᾼνακάμψουσψ
884 927 1143 999 ἑσπέρας,
1181 931 1277 985 καὶ

231 991 625 1112 σνῖηχήσουσιν
642 993 717 1056 ὡς
746 994 924 1061 κύνες,
957 991 1278 1064 κυὶςλοῦντες

231 1076 299 1111 πο
340 1078 406 1112 ιν.
1068 1090 1071 1093 ·

229 1076 406 1113 πολιν.
1068 1090 1071 1093 ·

302 1219 355 1294 8.
384 1221 546 1274 Αὐτοὶ
579 1223 694 1294 μὲν
750 1224 1111 1291 ἀποδλύζουσι
1162 1230 1275 1294 τοῖς

229 1290 499 1383 στρμασιχ
529 1290 739 1379 αὐτῶν,⁹
757 1296 851 1376 καὶ
878 1290 981 1383 ὡς(
1004 1290 1276 1383 μαχαίρας

225 1362 341 1431 τοῖς
395 1362 625 1429 χείλεσιν
684 1365 883 1429 αὐτῶν,
935 1362 1016 1429 ὡς
1063 1362 1275 1431 οὐδενὸς

228 1430 517 1494 ἀκούοντος
545 1432 732 1486 ἐϐόων.

302 1518 367 1593 9ἒ
388 1520 461 1593 Σὺ
515 1521 593 1580 δὲ,
625 1521 795 1593 Κύριε
818 1562 833 1586 ,
880 1525 1276 1593 καταγελάσας

228 1587 431 1656 αὐτῶν,
449 1587 767 1662 ἐπιφράξείς
784 1595 915 1647 πᾶσι
939 1587 1050 1658 τοῖς
1067 1587 1264 1650 ἔθνεσι.

313 1910 544 1985 Ἒπξδεῖν
562 1913 772 1983 ποιήσει
804 1930 870 1985 με
901 1916 1014 1979 τοῖς
1046 1918 1268 1971 ἀποτει-

227 1978 437 2049 χίζουσί
471 1999 556 2051 με.

303 2072 389 2126 12.
420 2075 646 2142 Μήποτε
696 2074 1055 2130 ἐπιλάθωνται
1091 2078 1120 2129 ὀ
1147 2077 1273 2142 λαός

228 2155 326 2193 σου
358 2141 453 2194 τοῦ
487 2144 650 2213 νόμου
681 2161 794 2199 σου.

313 2230 714 2310 Ἀναστᾲῖωσον
742 2237 1020 2310 αὐτοὺςτῇ
1048 2238 1272 2310 δυνάμει

228 2320 347 2378 σου)
378 2304 677 2378 κσᾲ-πάθελε
695 2306 910 2371 αὐτοὺς,
926 2304 1028 2360 {me
1037 2304 1273 2378 ραπιστὰ

227 2372 409 2443 ἡμῶν,
440 2374 630 2444 Κύριε.

446 2466 546 2540 Τῇ.
577 2467 821 2540 ἁμαρτία
869 2466 963 2540 τοῖ’]
1008 2469 1275 2540 στόματος

227 2535 431 2617 αςντιρν,
468 2535 658 2608 καὶτῷ
690 2535 831 2607 λόγῳ
894 2537 1002 2592 τῶν
1053 2535 1274 2609 χειλέων

227 2619 429 2658 αυτων.

533 2759 913 2822 SYMMACHU
924 2763 983 2819 S.

304 2918 357 2971 5.
389 2917 525 2972 Cum
582 2935 691 2973 non
726 2921 797 2974 sit
850 2926 1159 2990 peccatum,
1196 2920 1275 2975 in-

226 2997 459 3043 currunt
483 2997 542 3043 ut
569 2994 885 3059 pertrahant
910 3006 1017 3046 me.

302 3218 384 3274 Ex
412 3221 640 3277 adverso
670 3236 767 3292 pro
804 3236 910 3279 me.

302 3382 356 3439 7.
393 3381 682 3439 Deﬂectent
709 3399 952 3454 vespere,
991 3392 1046 3439 et
1079 3386 1272 3454 strepi-

226 3460 352 3534 tum
374 3454 534 3534 edent
565 3466 624 3508 ut
648 3470 833 3523 canes,
874 3458 1274 3511 circumeuntes

224 3532 526 3578 civitatem.

304 3756 358 3811 8.
392 3754 501 3825 Ipsi
532 3755 749 3826 quidem
801 3755 1110 3811 scaturiunt
1158 3757 1271 3812 ori-

228 3840 336 3882 Dus
364 3828 500 3887 suis,
542 3834 600 3897 et
645 3827 801 3896 quasi
851 3827 1062 3897 gladios
1111 3827 1270 3883 labiis

226 3897 368 3958 suis,
396 3895 555 3963 quasi
602 3895 821 3952 nemine
859 3895 1127 3952 audiente
1158 3898 1271 3951 cla-

228 3966 474 4020 mabant.

298 4123 351 4177 9.
394 4123 475 4180 Tu
519 4134 721 4191 autem,
761 4127 1011 4195 Domine,
1059 4126 1271 4183 deride-

222 4194 312 4316 Εἰς
338 4210 451 4261 eos,
484 4198 766 4254 obturabis
796 4194 1050 4255 omnibus
1094 4199 1270 4269 genti-

264 4280 349 4316 us.

264 4280 349 4317 IIS.

298 4492 387 4548 11.

292 4721 585 4803 Respicere
620 4725 783 4783 faciet
810 4742 899 4785 me
927 4744 1021 4789 eos
1055 4733 1148 4803 qui
1176 4750 1264 4791 me

216 4794 565 4863 expulerunt.

299 4954 385 5035 12.
440 4954 521 5011 Ne
565 4955 705 5035 forte
738 4960 1132 5018 obliviscantur
1167 4980 1263 5035 po-

217 5026 382 5095 pulus
422 5035 549 5082 tuus
574 5028 707 5098 legis
738 5040 862 5085 tuae.

289 5116 547 5173 Extorres
579 5120 663 5174 fac
691 5135 785 5176 eos
814 5122 1014 5177 virtute
1064 5131 1174 5189 tua,
1208 5133 1263 5179 et

217 5187 439 5267 destrue
474 5204 590 5254 eos,
622 5197 896 5260 protector
931 5203 1136 5260 noster,
1160 5187 1261 5249 Do-

215 5272 384 5312 [11106.

290 5488 379 5566 15.
403 5488 636 5566 Peccato
666 5493 779 5547 oris
816 5506 1029 5566 eorum,
1057 5504 1111 5552 et
1137 5510 1259 5552 ver-

206 5561 287 5615 bo
303 5560 580 5617 labiorum
616 5562 881 5632 ipsorum.

1624 269 1944 343 PSALMUS
1982 267 2159 323 Lvut.

1556 390 1695 449 PSA
1708 388 1918 449 LMUS
1970 382 2187 446 LVIII.

1828 517 1906 569 0'.

1423 676 1473 729 5.
1511 677 1671 729 Ἀνευ
1739 673 1965 744 ἀνομίας
2014 672 2244 742 ἔδραμον
2295 669 2389 722 καὶ

1348 745 1671 800 κατεύθυνα.

1417 841 1511 901 Εἰς
1542 836 1860 906 συνάντησιν
1893 852 2014 905 μου.

1419 928 1471 983 7.
1520 926 1964 997 Ἐπιστρέψουσιν
2012 925 2093 997 εἰς
2130 922 2385 997 ἑσπέραν,

1349 998 1445 1053 καὶ
1495 992 1821 1066 λιμώξοοσιν
1865 996 1940 1057 ὡς
1968 994 2132 1066 κύων,
2162 992 2254 1066 καὶ
2292 1009 2389 1044 κυ-

1349 1064 1619 1121 κλώσοοσι
1653 1065 1825 1118 πόλιν.
1863 1066 1946 1132 E',
1972 1064 2065 1116 καὶ
2093 1064 2390 1133 ἠχήσουσιν

1350 1139 1426 1201 ὡς
1452 1136 1633 1199 κύνες.

1416 1226 1469 1280 8.
1522 1224 1652 1279 Ἰδοὺ
1719 1223 2147 1292 ἀποφθέγξονται
2203 1222 2259 1273 ἐν
2310 1219 2389 1289 τῷ

1347 1296 1573 1365 στόματι
1592 1295 1789 1365 αὐτῶν,
1812 1294 1906 1345 καὶ
1931 1293 2173 1365 ῥομφαία
2204 1294 2260 1344 ἐν
2278 1294 2390 1352 τοῖς

1344 1363 1577 1436 χείλεσιν
1604 1364 1805 1428 αὐτῶν,
1838 1363 2039 1424 ὅτισις
2065 1363 2299 1431 ἣκουσε;

1411 1526 1466 1581 9.
1492 1525 1604 1579 Καὶ
1636 1525 1724 1587 σὺ,
1750 1522 1943 1594 Κύριε,
1981 1519 2381 1594 ἐκγελᾴσῃμαὺ-

1342 1598 1488 1662 τοὺς,
1519 1590 1892 1661 ἐξουδενώσεὶς
1920 1593 2099 1645 πάντα
2126 1592 2194 1644 τὰ
2233 1590 2385 1658 ἔθνη.

1414 1688 1502 1741 11.
1547 1686 1605 1739 Ὀ
1632 1685 1762 1747 Θεός
1800 1700 1900 1754 μου
1931 1681 1992 1733 τὸ
2031 1678 2387 1754 ἔλεος-αὺτοῦ

1343 1755 1645 1829 προφθάσέι
1675 1771 1762 1825 με.
1793 1749 2020 1829 ξἊυξλος
2040 1793 2054 1816 ,
2095 1754 2143 1829 ¹ὁ
2196 1749 2388 1820 ἔφορος

1346 1822 1446 1898 μου
1465 1822 1541 1878 ’τὸ
1573 1822 1719 1888 ἔλεος
1747 1822 1910 1876 αὑτοῦ
1940 1822 2198 1874 σκεπάσει
2224 1837 2316 1891 με.

1411 1914 1582 1981 Δείξει
1607 1931 1696 1987 μοι
1726 1917 1782 1967 ἐν
1806 1917 1917 1978 τοῖς
1951 1912 2162 1984 ἐχθροῖς
2193 1929 2315 1983 μου.

1415 2077 1503 2134 12.
1540 2077 1766 2148 Μήποτε
1796 2073 2157 2128 ἐπιλάθωνται
2181 2071 2274 2125 τοῦ
2305 2069 2389 2125 νό-

1346 2166 1446 2219 μου
1488 2165 1601 2200 σου.

1413 2237 1807 2306 Διασκόρπισον
1834 2235 2028 2297 αὐτοὺς
2056 2233 2112 2285 ἐν
2130 2234 2200 2306 ςτῇ
2220 2230 2384 2306 *δυνὲιτ

1348 2326 1437 2378 μει
1468 2325 1581 2370 σου,
1617 2301 1716 2378 ita“.
1767 2306 2045 2378 κατάγα-(ε
2083 2301 2299 2367 αὐτοὺς,
2356 2303 2384 2353 ὁ

1346 2375 1755 2448 ὖπερασπιστής
1779 2392 1902 2446 μου,
1941 2375 2132 2444 Κύριε.

1418 2473 1505 2527 15.
1552 2469 1850 2541 Ἀμαρτίαν
1890 2468 2153 2541 στόματος
2185 2464 2383 2529 αὐτῶν,

1346 2542 1500 2611 λόγον
1533 2538 1753 2611 χειλέών
1780 2538 1980 2593 αὐτῶν.

1518 2760 1662 2816 LXX
1698 2757 2206 2817 INTERPRETES.

1419 2921 1474 3002 5..
1499 2922 1628 2976 Sine
1660 2920 1949 2992 iniquitate
1973 2918 2195 2975 cucurri
2218 2925 2273 2973 et
2304 2917 2386 2972 di-

1346 3007 1485 3047 I'CXI.
2349 3024 2355 3035 .

1414 3222 1471 3278 In
1503 3238 1791 3279 occursum
1831 3237 2033 3277 meum.

1416 3384 1468 3437 7.
1500 3383 1895 3437 Convertentur
1944 3381 2010 3436 ad
2060 3395 2340 3450 vesperam
2365 3422 2379 3446 ,

1344 3461 1399 3509 et
1431 3454 1629 3513 famem
1692 3455 1965 3522 patientur
2015 3460 2086 3522 ut
2130 3453 2281 3506 canis
2330 3465 2386 3505 et

1345 3524 1655 3580 circuibunt
1691 3520 1984 3577 civitatem.
2040 3520 2101 3588 V,
2144 3531 2197 3576 et
2243 3530 2384 3576 stre-

1344 3596 1515 3665 pitum
1545 3595 1705 3648 edent
1732 3604 1791 3647 ut
1817 3607 2001 3648 canes.

1416 3758 1469 3811 8.
1494 3757 1629 3812 Ecce
1656 3757 1949 3827 loquentur
1977 3756 2031 3810 in
2062 3771 2157 3810 ore
2181 3769 2303 3827 suo,
2330 3764 2385 3809 et

1342 3827 1553 3898 gladius
1584 3829 1637 3882 in
1678 3826 1836 3882 labiis
1866 3841 2089 3881 eorum:
2122 3826 2382 3896 quoniam

1341 3899 1465 3967 quis
1498 3898 1748 3951 audivit?

1410 4131 1463 4185 9.
1490 4130 1555 4184 Et
1588 4137 1669 4193 tu,
1694 4129 1947 4196 Domine,
1972 4128 2243 4185 deridebis
2265 4143 2380 4193 eos,

1339 4214 1440 4269 pro
1472 4200 1644 4255 nihilo
1672 4200 1900 4255 habebis
1928 4215 2119 4255 omnes
2142 4210 2349 4271 gentes.

1411 4501 1497 4556 11.
1523 4500 1666 4556 Deus
1688 4515 1844 4555 meus
1860 4499 2241 4554 misericordia
2262 4500 2381 4569 ejus

1340 4573 1632 4641 praeveniet
1707 4587 1817 4624 me.
1849 4570 2058 4641 Alius,
2105 4570 2381 4638 inspector

1338 4640 1494 4696 incus
1545 4640 1922 4696 misericordia
1980 4640 2102 4710 ejus
2164 4642 2380 4710 obteget

1335 4727 1442 4766 me.

1403 4800 1662 4858 Ostendet
1689 4802 1824 4858 mihi
1845 4802 1899 4856 in
1936 4802 2176 4857 inimicis
2206 4802 2369 4859 meis.

1369 4962 1814 5045 Nequando
1857 4962 2247 5018 obliviscantur
2300 4963 2375 5018 lc-

1334 5042 1415 5103 gis
1445 5042 1571 5087 tuae.

1406 5122 1665 5195 Disperge
1695 5126 1816 5181 illos
1843 5126 1898 5179 in
1938 5129 2137 5181 virtute
2162 5135 2254 5180 tua
2273 5114 2293 5179 ἐ
2320 5135 2376 5180 et

1334 5192 1543 5274 depone
1582 5192 1699 5262 eos,
1741 5205 2019 5267 pr0tector
2052 5212 2227 5263 meus,
2266 5196 2373 5251 Do-

1335 5278 1497 5318 mine.

1402 5494 1491 5549 15.
1535 5491 1798 5568 Delictum
1844 5496 1957 5553 oris
2009 5512 2221 5568 eorum,
2255 5512 2375 5556 ser-

1335 5578 1554 5623 monem
1588 5565 1860 5624 labiorum
1889 5568 2158 5639 ipsorum.

3378 258 3487 314 882

2783 503 3180 562 ΘΕΟΔΟΤΙΩΝ.

2533 668 2584 721 5.

2534 919 2584 974 7.
2621 920 2731 973 Και
2758 935 3047 990 ηχησουσιν
3072 918 3146 983 ὡς
3172 915 3336 972 κύων.

2541 1220 2593 1274 8.

2528 1515 2583 1571 9.

2533 1674 2620 1729 11.

2533 2068 2620 2141 12.
2691 2068 2918 2141 Μήποτε
2981 2065 3341 2125 ἐπιλάθωνται
3402 2063 3499 2122 τοῦ

2456 2138 2584 2193 λαοῦ
2618 2157 2731 2194 σου.

2530 2462 2620 2518 15.

2757 2754 3173 2814 ΤΗΕΟΒΟΤΙΟ.

2529 2914 2582 2969 5.

2527 3376 2577 3429 7.
2607 3375 2672 3432 Et
2694 3377 2934 3434 sonitum
2966 3376 3127 3435 edent
3156 3384 3216 3434 ut
3247 3389 3419 3433 canis.

2531 3755 2585 3812 8.

2524 4130 2582 4186 9.

2528 4498 2613 4553 11.

2521 4962 2608 5089 ἶ.ἓὶ
2650 4960 2738 5044 ,Νθ
2770 4961 2910 5018 forte
2957 4958 3345 5018 obliviscantur
3387 4973 3485 5032 ρο·

2542 5051 2557 5089 ι
2611 5048 2685 5087 ιιι.

2446 5048 2557 5104 pun
2589 5048 2685 5089 tur.

2522 5499 2614 5556 15.
