3870 6216
391 237 529 307 907}
1410 228 1885 288 HEXAPLORUM
1923 227 2089 295 QUAE
2129 226 2562 283 SUPERSUNT.

664 350 750 404 ΤΟ
784 351 1151 404 EBPAIKON.

389 527 620 579 antron
665 532 679 575 :
730 526 814 579 vn
883 527 1005 575 nam
1076 522 1199 575 me
1269 524 1432 576 mn
1492 558 1495 561 ν

525 620 610 699 ps
647 592 777 672 $5375
812 616 1026 669 mm:
1055 615 1255 671 cum:
1287 614 1433 666 ἠοω

1139 823 1290 872 ΞἽΠΣ
1329 813 1363 865 4

838 988 893 1031 1':
931 985 1041 1035 "121
1077 984 1201 1037 mm
1235 983 1363 1034 'D'l'l

1018 1145 1295 1196 tat-1mm
1328 1134 1361 1187 5

752 1562 890 1613 117211
924 1556 1292 1616 mut-want
1335 1550 1366 1602 7

1021 1723 1203 1775 WDHTJ
1237 1720 1368 1772 ΨΒΠ

790 1818 917 1871 any
951 1789 1043 1865 :51
1075 1813 1190 1864 um»:
1224 1813 1368 1889 mp1

397 1982 480 2034 vn
515 1979 707 2032 cinna
754 1978 839 2032 vn
902 1950 1106 2027 urbe
1141 1963 1441 2094 εηέιηξέῃ

643 2211 821 2262 ωπον
853 2184 1019 2263 mv‘m
1056 2182 1301 2257 Ἰώνων-ι
1338 2196 1370 2249 9

512 2426 759 2483 VERSIO
792 2425 1114 2483 HEBRAICI
1146 2423 1353 2481 ΤΕΧΤ.

405 2590 679 2649 custodies
723 2589 862 2643 vitas
910 2602 1081 2641 meas.
1130 2583 1451 2640 Abscondes

405 2679 495 2717 me
530 2678 559 2716 a
605 2668 816 2716 secreto
863 2658 1247 2726 malignorum,
1284 2670 1313 2709 a
1359 2663 1449 2706 tu-

408 2734 583 2788 multu
658 2728 998 2800 operantium
1086 2726 1447 2794 iniquitatem.

411 2804 650 2862 Ηίενοη..
674 2799 820 2864 aldi,
857 2799 1017 2862 Deus,
1052 2811 1238 2855 vocem
1274 2808 1451 2847 meam

408 2874 685 2945 loquentis
712 2890 726 2926 :
762 2886 791 2923 a
820 2870 1015 2945 timore
1045 2866 1252 2945 inimici
1297 2878 1453 2920 serva

410 2939 579 2998 vitam
605 2957 804 2997 meam.
839 2939 1124 2994 Abscoude
1155 2951 1242 2989 me
1272 2951 1302 2989 a
1329 2949 1455 2989 con-

410 3016 536 3071 silio
567 3014 929 3081 malignorum
956 3027 969 3063 :
998 3024 1029 3063 a
1060 3007 1295 3063 tumultu
1324 3018 1453 3073 Ope-

408 3085 649 3141 rantium
681 3082 1045 3151 iniquitatem.

479 3178 534 3232 4.
574 3177 648 3234 Ut
686 3175 945 3247 gladium.
989 3172 1239 3238 Πίθωνι,
1295 3172 1453 3242 quasi

407 3249 665 3323 gladium.

480 3338 849 3395 Tetenderunt
912 3336 1165 3405 sagittam
1246 3349 1400 3389 suam
1435 3374 1449 3398 ,

407 3412 633 3466 verbum
668 3422 942 3464 amarum.
989 3406 1230 3473 Hier-om,
1282 3414 1453 3459 tete-n-

410 3483 609 3537 derunt
659 3479 911 3549 sagittam
963 3491 1164 3542 suam,
1224 3476 1451 3529 verbum

410 3550 834 3607 amarissimum.

478 3644 535 3700 5.
568 3643 628 3697 In
654 3638 1006 3696 absconditis.
1041 3637 1259 3693 Hieron.
1290 3636 1364 3690 id.

479 3734 809 3792 Perfectum.
851 3730 1093 3794 Hierom,
1130 3728 1450 3798 simplicem.

484 3827 538 3881 6.
570 3824 927 3879 Roborabunt
946 3822 1050 3878 sibi
1079 3822 1305 3875 verbum
1333 3836 1451 3874 ma-

414 3900 527 3953 lum
555 3915 567 3950 :
608 3895 909 3950 narrabunt
939 3894 1006 3948 ad
1040 3892 1345 3946 abdendum
1378 3892 1456 3945 la-

414 3982 607 4038 queos.
629 3966 869 4029 Hieron.,
892 3961 1455 4038 confortaveruntsibi

416 4034 722 4093 sermonem
795 4034 1131 4105 pessimum:
1200 4047 1458 4087 narrave-

416 4118 546 4163 runt
578 4118 637 4161 ut
664 4104 1057 4160 absconderem
1092 4104 1337 4172 laqueos.

489 4201 543 4253 7.
566 4196 973 4263 lnvestigabunt
993 4194 1325 4264 iniquitates,
1343 4208 1460 4263 per-

418 4271 683 4327 fecerunt.
749 4267 988 4331 Hieron.,
1043 4265 1271 4321 scrutati
1333 4272 1461 4319 sunt

420 4342 756 4411 iniquitates,
789 4337 1124 4392 defecerunt.

494 4430 829 4488 Scrutinium
856 4426 1301 4507 pervestigatum.
1329 4424 1457 4480 Hie-

422 4520 562 4567 ron.,
594 4507 900 4557 scrutantes
930 4508 1216 4552 scrutnuo.

494 4597 561 4651 Et
599 4597 851 4650 intimum
879 4591 980 4646 viri
1025 4601 1078 4646 et
1109 4605 1204 4643 cor
1236 4588 1461 4659 profun-

422 4671 573 4723 dum.
613 4668 854 4728 "ieram,
888 4672 943 4717 et
989 4660 1316 4728 cogitatione
1344 4660 1461 4715 sin-

424 4740 700 4811 gulorum,
737 4744 791 4790 et
816 4734 978 4789 corde
1007 4731 1296 4802 profundo.

499 4832 551 4885 8.
593 4830 661 4884 Et
705 4827 982 4899 sagittabit
1024 4841 1121 4881 eos
1163 4824 1327 4899 Deus,
1377 4840 1464 4879 sa-

425 4903 555 4975 gitta
590 4896 811 4975 subito:
839 4898 1058 4953 fuerunt
1082 4896 1463 4975 percussiones

423 4967 634 5029 éorum.
697 4971 936 5030 Hieron,
997 4967 1271 5036 sagittabit
1336 4981 1464 5033 ergo

422 5059 518 5098 eos
548 5043 709 5105 Deus,
737 5040 920 5109 jaculo
974 5038 1299 5106 repentino:
1330 5036 1466 5089 infe-

422 5122 612 5188 rentur
642 5114 811 5182 plagae
840 5124 1052 5165 eorum.

494 5209 549 5264 9.
578 5207 642 5260 Et
672 5204 970 5274 impingere
1009 5200 1211 5255 facient
1231 5214 1358 5274 _e_.am
1409 5196 1463 5250 in

426 5277 731 5346 semetipsis
752 5269 992 5343 ling'uam
1022 5286 1198 5346 suam.
1223 5269 1465 5346 Hieron?

425 5358 479 5404 et
504 5337 761 5403 corr-uent
798 5337 858 5398 ἱιῖ
898 5343 1219 5412 semetipsos
1268 5337 1470 5410 linguis

424 5419 560 5475 suis.

1805 351 1891 402 TU
1918 348 2165 401 ΕΒΡΑΙΚ
2175 347 2267 399 ΟΝ

1690 417 2016 491 Ἑλληνικοῖς
2051 418 2363 489 γράμμασι.

1580 1982 1635 2036 8.

1584 2192 1637 2246 9.

1737 2418 2062 2477 VULGATA
2100 2420 2377 2477 LATINA.

1525 2579 1733 2635 inimici
1760 2581 1910 2650 eripe
1938 2580 2177 2635 animam
2208 2596 2407 2637 meam.
2435 2580 2570 2635 Pro-

1525 2652 1707 2705 texisti
1746 2666 1834 2706 me
1868 2667 1898 2705 a
1942 2661 2213 2706 conventu
2261 2653 2569 2721 malignan-

1526 2722 1684 2785 tium,
1734 2736 1766 2775 a
1822 2722 2170 2778 multitudine
2230 2722 2569 2792 operantium

1524 2792 1886 2861 iniquitatem.

1595 3173 1649 3226 4.
1676 3170 1746 3227 Ut
1776 3170 2036 3243 gladium.

1602 3334 1952 3389 lntenderunt
2002 3346 2188 3386 arcum
2244 3344 2360 3384 rem
2412 3342 2571 3383 ama-

1522 3420 1663 3461 ram.

1594 3638 1648 3694 5.
1676 3637 1737 3692 In
1769 3636 2018 3692 occultis.

1596 3730 2033 3784 lmmaculatum.

1596 3822 1649 3877 6.
1698 3822 2081 3877 Firmavcrunt
2126 3819 2231 3874 sibi
2270 3832 2576 3874 sermonem

1527 3908 1799 3962 nequam:
1842 3899 2205 3946 narraverunt
2236 3898 2298 3944 ut
2340 3889 2574 3944 abscon-

1526 3964 1722 4018 derent
1747 3965 1994 4034 laqueos.

1604 4194 1655 4247 'l.
1684 4192 1922 4249 Scrutati
1952 4201 2081 4249 sunt
2110 4191 2448 4263 iniquitates,
2476 4191 2568 4247 de-

1525 4265 1793 4321 iecerunt.

1605 4426 1924 4484 Scrutantes
1956 4425 2244 4483 scrutinio.

1605 4589 1836 4645 Accedet
1857 4589 2022 4643 homo
2049 4586 2118 4642 ad
2147 4600 2242 4642 cor
2264 4585 2459 4640 altum.

1606 4822 1659 4877 8.
1690 4821 1757 4877 Et
1788 4823 2116 4878 exaltabitur
2160 4820 2337 4875 Deus:
2374 4821 2582 4891 sagittae

3550 230 3675 287 903

2972 346 3275 404 ᾹΚΥΛΑΣ.

2691 810 2745 865 4.

2696 1011 2709 1025 .
2742 1008 2757 1023 .
2788 1007 2802 1023 .
2835 969 2988 1040 ῥῆμα
3024 967 3239 1040 πικρόν.

2690 1134 2954 1278 ξλπλοῦν.

2693 1318 2747 1372 6.

2702 1548 2752 1605 7.

2698 1705 2905 1761 Σκαλεὺ
2914 1723 2994 1759 σει
3027 1704 3442 1777 σκαλευόμενος.

2629 1872 2657 1922 θ
2689 1800 2976 1886 ςΕγκατον
2999 1797 3191 1866 ἀνδρὸς
3216 1800 3308 1853 καὶ
3330 1797 3565 1869 καρδίαν
3590 1797 3692 1867 βα-

2664 1887 2799 1922 ειαν.

2664 1887 2799 1925 ειαν.

2699 1960 2754 2015 8.
2796 1961 2908 2016 Καὶ
2944 1957 3184 2031 ῥοιζήσει
3214 1959 3423 2031 αὐτοὺς
3460 1960 3489 2012 ὁ
3519 1958 3687 2031 Θεὸςε

2632 2032 2759 2111 βέλη
2797 2029 3139 2111 παραχρῆμα
3167 2068 3181 2093 ,
3244 2030 3584 2100 ἐγενήθησαν
3627 2029 3690 2080 αἱ

2630 2102 2835 2171 πληγαὶ
2856 2102 3055 2155 αὐτῶν.

2700 2195 2897 2257 9.ηΚα“ι
2941 2196 3332 2249 ἐσκανδάλισοιν
3379 2192 3554 2263 αὐτὴν
3594 2190 3690 2244 ἐπ’

2629 2267 2825 2333 αὐτοὺς
2849 2268 2906 2320 αἱ
2929 2266 3169 2335 γλῶσσαι
3194 2266 3392 2320 αὐτῶν.

3028 2418 3303 2486 ΑρυιιΑ.

2715 3164 2768 3218 4.

2720 3323 3021 3379 :..verbum
3047 3335 3315 3375 amarum.

2720 3624 2776 3680 5.

2721 3716 3055 3787 Simplicem.

2717 3809 2770 3864 6.

2722 4182 2773 4235 7.

2724 4412 3073 4470 Scrutatione
3101 4420 3376 4466 scrutans.

2724 4578 3049 4633 lntestinum
3076 4575 3316 4631 hominis
3348 4582 3403 4628 et
3433 4588 3531 4627 cor
3577 4575 3714 4644 pro!

2649 4647 2903 4704 fundum.

2725 4811 2779 4867 8.
2810 4809 2877 4864 Et
2912 4807 3186 4880 sagittabit
3213 4822 3310 4862 eos
3342 4806 3507 4880 Deus,
3537 4809 3700 4878 sagit-

1535 4896 1885 4963 parvulorum
1922 4895 2077 4948 factae
2105 4903 2233 4948 sunt
2265 4879 2467 4961 plagae“
2482 4905 2580 4944 eo-
2653 4890 2723 4935 lae
2760 4879 2994 4937 subito!
3023 4879 3178 4933 fama
3220 4888 3346 4932 sunt
3389 4879 3565 4947 plaga:
3610 4893 3698 4933 co-

1540 4979 1682 5017 rum.

1610 5195 1662 5250 9.
1705 5195 1771 5248 Et
1799 5195 2086 5249 inﬁrmatre
2109 5201 2237 5249 sunt
2264 5199 2455 5248 contra
2486 5206 2581 5246 eos

1542 5265 1737 5335 linguae
1770 5280 1980 5319 eorum.

2652 4968 2797 5007 rum.

2725 5187 2779 5242 9.
2839 5187 2905 5241 Et
2934 5187 3237 5257 impingere
3279 5183 3530 5239 fecerunt
3581 5198 3693 5238 eam

2658 5257 2715 5312 in
2741 5261 2889 5329 ipsos
2916 5259 3115 5328 linguae
3145 5270 3358 5311 eorum.

1268 5528 1444 5587 Notaa
1474 5530 1537 5585 et
1566 5522 1760 5586 varias
1792 5520 2125 5584 lectiones
2170 5520 2248 5582 ad
2278 5518 2603 5581 Psalmum
2635 5496 2863 5578 LXIII.

500 5657 567 5713 ν.
598 5658 636 5711 2
666 5666 719 5711 et
754 5658 808 5711 5.
837 5657 919 5718 Σ.,
958 5654 1275 5707 εἰσάκουσον
1308 5660 1413 5706 etc.
1449 5648 1541 5704 Sic
1568 5648 1838 5704 Eusebius
1861 5687 1874 5710 ,
1912 5649 2006 5718 qui
2117 5647 2229 5699 ἀλλ’
2276 5646 2350 5709 ὼς
2383 5662 2433 5697 πε

2117 5647 2229 5699 ἀλλ’
2276 5646 2350 5709 ὼς
2383 5646 2511 5716 περὶ
2549 5642 2866 5718 μελλόντων
2904 5645 2971 5718 τῃὰ
2999 5640 3093 5718 ὅλα
3124 5640 3336 5718 εῖρ-ηται
3360 5654 3373 5669 ·
3402 5641 3519 5718 irai
3566 5643 3697 5718 κατὰ

432 5729 548 5784 ι]ωο
592 5736 742 5784 notat
785 5727 1015 5782 ibidem:
1055 5724 1129 5777 Οὐ
1168 5723 1279 5792 γὰρ
1312 5722 1387 5784 ὡς
1416 5722 1544 5790 περὶ
1576 5720 2004 5792 παρῳχηκότων,

2116 5720 2242 5782 τοὺς
2288 5709 2508 5791 λοιποΰς
2542 5709 2883 5786 ἕρμηνευτὰς
2920 5712 3143 5782 ὁμοίως.
3179 5709 3244 5765 ⁷1.
3282 5725 3333 5769 e.
3392 5709 3516 5765 Non
3568 5716 3696 5768 enim
