3870 6216
163 189 279 248 909

492 310 901 368 ΣΥΜΜΑΧΟΣ.

162 476 421 548 τελήξεως
449 474 645 548 ἐχθροῦ
709 475 1070 548 περιφράξεις
1121 476 1223 548 τὴν

167 494 247 533 ω
288 494 421 541 ςεως
449 494 476 529 ε
515 494 645 559 upon
709 494 878 547 περιφ
921 494 1070 542 αςεις
1121 494 1222 548 την

167 494 323 617 ζωῖίιν
348 494 739 617 μου.)ἱςρυψεις
768 565 839 617 με
873 494 983 600 «fab
1024 552 1222 601 συσκέ-

167 616 330 689 ψεων
352 616 729 689 κακούργων.
775 617 883 671 ἀπὸ
934 619 1222 689 κυκήσεως

167 687 556 759 ἐργαζομένων
584 687 817 743 ἀδικίαν.

240 777 298 831 4.

256 936 616 1020 Ἐπλήξωσαν
653 938 716 992 τὸ
750 936 905 1003 τόξον
934 934 1114 990 αὐτῶν
1144 936 1224 989 λό-

165 1024 253 1078 γῳ
292 1025 495 1079 πικρῳ·

244 1100 302 1156 5.
339 1102 562 1172 Κρυφῇ.

253 1280 298 1339 6.
341 1282 694 1355 Ἐκράτυναν
726 1281 884 1351 λόγον
921 1284 1180 1355 -ςπονηρὸν
1206 1324 1221 1348 ,

167 1352 535 1426 εἰσηγήσαντο
560 1352 768 1425 κρύψαι
796 1352 1051 1423 παγίδας.

243 1518 298 1573 7.
342 1515 736 1590 Ἐξερεύνησαν
793 1516 1027 1588 ἀνομίας
1089 1517 1219 1589 σύμ·

168 1605 396 1652 παντες.

254 1681 584 1755 Ἔξερευνῶν
610 1681 974 1752 ὲξερευνήσει.

378 1777 627 1849 ξγκάτων
650 1776 904 1843 ἕκαστος,
937 1776 1033 1831 καὶ⁸
1092 1794 1228 1849 καρ-

166 1847 291 1910 δίας
316 1847 555 1916 βαθείας.

244 1939 299 1993 8.
339 1940 636 1995 Ἀκοντίσει
673 1934 766 1995 οὖν
795 1941 993 2005 αὐτοὺς
1015 1942 1043 1994 ὁ
1066 1942 1220 2006 Θεὸς,

172 2010 329 2098 βέλος
359 2011 627 2081 ἀφνίδιον,
657 2011 871 2065 ἔσονται
923 2014 979 2065 αἱ
1022 2011 1226 2083 πληγαὶ

168 2098 374 2135 αυτων.

244 2172 298 2227 9.
330 2174 443 2227 Καὶ
506 2171 759 2226 πταίουσι
835 2172 962 2229 καθ’
1015 2174 1227 2229 ἑαυτῶν

170 2244 294 2307 ταῖς
330 2242 603 2311 γλώσσαις
635 2243 833 2297 αὐτῶν.

460 2399 789 2456 SYMMACH
798 2399 907 2457 US.

169 2562 518 2618 cummunies
547 2561 712 2616 vitam
747 2552 944 2617 meam.
980 2562 1226 2617 Abscon—

172 2633 273 2687 des
308 2647 395 2685 me
430 2648 460 2686 a
492 2633 737 2688 consiliis
768 2634 1153 2702 malignorum,
1194 2648 1226 2687 a

173 2704 414 2758 tumultu
442 2704 787 2774 operantium
820 2703 1185 2775 iniquitatem.

253 3148 310 3203 4.

256 3309 617 3381 lmpleveruut
644 3323 837 3365 arcum
869 3323 1033 3366 suum
1060 3308 1229 3365 verbo

177 3396 393 3437 amaro.

255 3616 306 3670 5.
346 3614 520 3669 Clam.

256 3795 308 3849 6.
337 3793 719 3851 Firmaverunt
745 3794 972 3848 verbum
1000 3792 1228 3860 malum,

179 3867 515 3923 induxerunt
542 3866 878 3922 abscondere
910 3864 1158 3934 laqueos.

260 4173 325 4256 Ἰ.⁹
341 4171 579 4229 Scrutati
606 4178 737 4228 sunt
756 4168 1077 4241 iniquitates
1108 4166 1233 4223 uni-

179 4259 349 4302 νει-δι.

256 4408 591 4465 Examinans
614 4403 969 4464 examinabit.

254 4572 336 4628 Ex
374 4573 726 4630 interioribus
748 4569 1151 4642 unusquisque,
1178 4576 1235 4624 et

179 4647 349 4703 corde
375 4643 665 4716 profundo.

256 4812 311 4868 8.
357 4809 693 4866 Jaculabitur
738 4824 869 4878 ergo
906 4807 1012 4862 illis
1045 4806 1189 4862 Deus
1214 4847 1229 4872 ,

182 4884 386 4953 sagitta
416 4891 634 4953 repente
664 4900 678 4936 :
719 4892 882 4936 erunt
923 4879 1096 4949 plaga:
1133 4892 1229 4932 eo-

183 4969 332 5009 rum.

254 5186 313 5244 9.
348 5185 414 5265 Et
445 5184 754 5265 impingunt
803 5191 996 5239 contra
1030 5189 1233 5237 semet-

183 5258 339 5330 ipsos
371 5257 572 5326 linguis
598 5257 731 5311 suis.

1554 192 1879 251 PSALMUS
1912 195 2097 253 LXIII.
2379 216 2435 257 "-t

1792 316 1870 370 θ’.
2735 312 3139 368 ΘΕΟΔΟΤΙΩΝ.

3352 191 3467 253 910

1293 474 1461 547 φόϐου
1480 473 1673 545 ἐχθροῦ
1692 473 1875 542 ἐξελοῦ
1898 475 1998 547 τὴν
2015 474 2193 547 ψυχήν
2223 493 2342 546 μου.

1306 545 1649 608 Ἐσκέπασας
1686 564 1752 616 με
1783 547 1900 616 ἀπὸ
1916 545 2231 616 συστροφῆς
2251 565 2349 616 πο-

1294 615 1696 688 νηρευομένων.
1717 617 1828 670 ἀπὸ
1852 615 2089 688 πλήθους
2118 615 2350 686 ἐργαζο-

1296 686 1472 757 μένων
1505 686 1743 742 ἀδικίαν.

1362 775 1416 828 4.
1453 776 1540 839 Ὠς
1571 776 1871 847 ῥομφαίαν.
1907 777 1972 829 Ol
2021 775 2246 839 λοιποὶ,
2272 775 2349 838 ὡς
2492 777 2546 830 4.

1296 846 1593 917 μάχαιραν.

1377 902 1677 997 ζὶὶνιξτειναν
1697 940 1849 1008 τόξον
1867 941 2102 1013 πρᾶγμα
2125 940 2341 1011 πικρόν.
2498 902 2722 1009 ...λόγον
2750 938 2968 1010 πικρόν.

1366 1103 1419 1157 5.
1466 1103 1554 1155 Ἐν
1594 1106 1955 1175 ἁποκρύφοις.
2492 1102 2544 1156 5.

1370 1200 1439 1252 Ἀ
1447 1219 1531 1271 μω
1538 1217 1657 1271 μον.

1367 1290 1417 1344 6.
1462 1291 1870 1362 Ἐκραταίωσαν
1929 1290 2145 1362 ἑαυτοῖς
2187 1288 2346 1362 λογον
2492 1284 2545 1339 6.

1300 1358 1573 1433 πονηρὸν.
1615 1362 1946 1433 διηγήσαντο
1990 1359 2087 1414 τοῦ
2143 1358 2348 1429 κρύψαι

1301 1406 1553 1500 ἑὲᾶἷίὲἆὲἷ

1372 1522 1424 1577 7.
1472 1523 1865 1596 Ἐξερεύνησαν
1894 1521 2146 1593 ἀνομίαν,
2175 1519 2348 1585 ὲξέλι-
2492 1518 2547 1573 7.

1300 1610 1422 1649 πον.

1382 1685 1807 1757 Ἐξερευνῶντες
1836 1685 2205 1757 ὲξερευνήσει.

1370 1780 1798 1851 Προσελεύσεται
1875 1779 2161 1851 ἄνθρωπος
2258 1774 2355 1837 καὶ
2429 1847 2447 1851 Α
2491 1775 2603 1851 [Coti
2631 1773 2869 1830 διάνοιαν
2896 1772 3089 1845 ἀνδρὸς
3128 1771 3222 1825 καὶ
3247 1770 3470 1844 καρδίαν

1299 1846 1499 1923 καρδία
1530 1851 1742 1921 βαθεῖα.
1982 1846 1994 1851 ’
2340 1905 2375 1920 κ
2424 1846 2665 1917 βαθεῖαν.

1370 1943 1423 1997 8.
1449 1944 1561 2013 Καὶ
1590 1942 1940 2013 ὑψωθήσεται
1969 1943 1996 1994 ὀ
2046 1941 2200 2013 Θεὸς,
2259 1937 2370 2013 se.
2494 1940 2546 1994 8.
2579 1936 2981 2004 Κατατοξεύσει
3013 1937 3042 1990 ὁ
3071 1934 3223 1999 Θεός.

1299 1986 1402 2136 λῖξ
1411 1986 2004 2095 ξνῖἦῐαῖντέγέὉῆὃζςέαἶμ
2051 1986 2370 2080 ἇῐῖῆὶηὲᾇιτ

1298 2101 1333 2137 α
1370 2101 1497 2137 των.

1369 2176 1424 2232 9.
1484 2176 1595 2228 Καὶ
1653 2173 2010 2245 ἐξουθένησαν
2076 2173 2239 2226 αὐτὸν
2294 2173 2348 2225 αί
2494 2173 2550 2227 9.

1298 2245 1540 2315 γλῶσσαι
1574 2245 1774 2299 αὐτῶν.

1480 2400 1624 2456 LXX
1664 2399 2168 2455 INTERPRETES.
2741 2391 3156 2452 THEODOTIO.

1300 2562 1426 2617 mici
1479 2563 1629 2631 eripe
1679 2562 1918 2617 animam
1958 2576 2156 2617 meam.
2212 2559 2347 2615 Pro-

1298 2633 1482 2687 texisti
1511 2648 1600 2687 me
1644 2648 1675 2687 a
1720 2639 1991 2687 conventu
2039 2632 2346 2701 malignan-

1299 2703 1457 2765 tium,
1508 2719 1539 2757 a
1599 2704 1943 2759 multitudine
2004 2702 2345 2773 operantium

1299 2773 1661 2844 iniquitatem.

1376 3148 1430 3201 4.
1464 3146 1537 3201 Ut
1568 3146 1832 3218 gladium.
1878 3144 2107 3216 Reliqui,
2141 3152 2203 3200 ut
2240 3160 2354 3200 ma-
2494 3152 2549 3206 4.

1301 3217 1558 3272 chaeram.

1376 3309 1733 3365 lntenderunt
1778 3324 1967 3365 arcum
2032 3325 2151 3365 rem
2199 3323 2353 3363 ama-
2500 3326 2887 3371 ...sermonem
2912 3326 3183 3370 amarum.

1301 3393 1440 3433 ram.

1376 3614 1429 3668 5.
1454 3612 1514 3667 In
1548 3614 1797 3669 occultis.
2498 3615 2552 3673 5.

1374 3709 1812 3785 Immaculatum.

1377 3801 1430 3856 6.
1474 3801 1855 3857 Firmaverunt
1904 3801 2009 3857 sibi
2046 3817 2354 3858 sermonem
2499 3800 2553 3857 6.

1304 3888 1579 3943 nequam:
1622 3881 1987 3928 narraverunt
2026 3882 2086 3927 ut
2116 3874 2354 3931 abscon-

1305 3943 1495 3999 derent
1522 3944 1766 4014 laqueos.

1377 4178 1431 4230 7.
1494 4176 1731 4233 Scrutati
1782 4185 1913 4234 sunt
1970 4176 2353 4247 iniquitatem:
2498 4178 2555 4233 7.

1307 4247 1639 4304 defecerunt.

1381 4409 1701 4468 Scrutantes
1725 4409 2014 4467 scrutinio.

1379 4575 1614 4631 Accedet
1650 4573 1817 4629 homo
1848 4581 1903 4630 et
1928 4589 2023 4630 cor
2055 4572 2245 4627 altum.
2500 4572 2567 4627 Et
2592 4572 2977 4643 c0gitationem
3005 4572 3264 4638 hominis,
3291 4580 3346 4629 et
3371 4586 3465 4629 cor

2426 4644 2780 4713 profundum.

1306 4808 1343 4855 κ
1376 4808 1428 4863 8.
1470 4807 1538 4861 Et
1572 4806 1899 4861 exaltabitur
1934 4805 2113 4860 Deus:
2158 4804 2353 4875 sagitta

2498 4804 2552 4860 8.
2589 4804 2877 4877 Sagittabit
2914 4803 3079 4859 Deus.

1304 4880 1660 4948 parvulorum
1692 4878 1847 4932 facta:
1872 4885 2002 4932 sunt
2052 4875 2224 4946 plaga:
2263 4889 2351 4930 eo-

1304 4965 1448 5004 rum.

1307 5180 1432 5306 eo9.
1462 5179 1531 5235 Et
1562 5178 1962 5250 vilipenderuut
1989 5192 2115 5234 eum
2153 5176 2353 5245 lingua:
2496 5178 2552 5233 9.

1378 5267 1519 5305 rum.

1378 5267 1519 5305 rum.

1041 5509 1218 5571 Note;
1248 5510 1310 5568 et
1339 5503 1531 5568 varia)
1563 5503 1879 5565 lectiones
1911 5502 1990 5565 ad
2019 5502 2341 5565 Psalmum
2372 5486 2611 5567 LXIII.

186 5643 340 5710 quasi
372 5639 435 5694 de
462 5639 744 5709 prateritis
764 5680 779 5704 ,
814 5638 903 5692 sed
938 5635 1093 5710 quasi
1126 5636 1187 5689 de
1234 5634 1654 5710 [uturi3_omnia
1684 5634 1771 5686 di-

190 5705 280 5765 cta
309 5705 472 5779 sunt.
496 5726 559 5765 ac
591 5710 835 5766 similiter
863 5705 1152 5763 secundum
1178 5705 1406 5775 reliquos
1440 5705 1772 5776 interpretes.

1884 5632 1968 5686 Ad
2002 5632 2149 5686 hunc
2168 5645 2388 5686 versum
2426 5632 2532 5688 hoc
2562 5647 2734 5687 unum
2776 5640 2928 5689 notat
2951 5631 3185 5689 Drusius
3208 5672 3223 5698 ,
3251 5631 3311 5687 ot
3341 5634 3472 5688 λοι-

1883 5702 2007 5770 ποι,
2031 5702 2337 5775 προσευχῆς
2370 5719 2492 5773 μου.
2520 5701 2622 5762 Hic
2643 5718 2774 5761 vero
2813 5703 3127 5775 Symmachi
3155 5703 3467 5761 versionem
