  <div class='ocr_page' id='page_1' title='image "/cluster/home/n/w/nwhite01/storage/ocr_20150623/16 pt.1/nnc1.0046978798/505.png"; bbox 0 0 3870 6216; ppageno 0'>
   <div class='ocr_carea' id='block_1_1' title="bbox 436 371 546 436">
    <p class='ocr_par' dir='ltr' id='par_1_1' title="bbox 436 371 546 436">
     <span class='ocr_line' id='line_1_1' title="bbox 436 371 546 436; baseline -0.027 -1"><span class='ocrx_word' id='word_1_1' title='bbox 436 371 546 436; x_wconf 67' lang='grc' dir='ltr'><strong>ΰὶ9</strong></span> 
     </span>
    </p>
   </div>
   <div class='ocr_carea' id='block_1_2' title="bbox 700 473 1182 535">
    <p class='ocr_par' dir='ltr' id='par_1_2' title="bbox 700 473 1182 535">
     <span class='ocr_line' id='line_1_2' title="bbox 700 473 1182 535; baseline -0.017 0"><span class='ocrx_word' id='word_1_2' title='bbox 700 481 789 535; x_wconf 89' lang='grc' dir='ltr'><strong>ΤΟ</strong></span> <span class='ocrx_word' id='word_1_3' title='bbox 816 473 1182 534; x_wconf 79' lang='grc' dir='ltr'><strong>ΕΒΡΑΙΚΟΝ.</strong></span> 
     </span>
    </p>
   </div>
   <div class='ocr_carea' id='block_1_3' title="bbox 698 1080 1403 1168">
    <p class='ocr_par' dir='ltr' id='par_1_3' title="bbox 698 1080 1403 1168">
     <span class='ocr_line' id='line_1_3' title="bbox 698 1080 1403 1168; baseline -0.014 -4"><span class='ocrx_word' id='word_1_4' title='bbox 698 1090 834 1168; x_wconf 57' lang='lat'><strong>051?</strong></span> <span class='ocrx_word' id='word_1_5' title='bbox 881 1120 897 1156; x_wconf 81' lang='grc' dir='ltr'>ι</span> <span class='ocrx_word' id='word_1_6' title='bbox 938 1108 1167 1159; x_wconf 67' lang='lat' dir='ltr'><strong>1mm:</strong></span> <span class='ocrx_word' id='word_1_7' title='bbox 1203 1080 1337 1155; x_wconf 60' lang='lat' dir='ltr'><strong>Sum</strong></span> <span class='ocrx_word' id='word_1_8' title='bbox 1372 1093 1403 1144; x_wconf 88' lang='lat'><strong>7</strong></span> 
     </span>
    </p>
   </div>
   <div class='ocr_carea' id='block_1_4' title="bbox 435 1255 1407 1331">
    <p class='ocr_par' dir='ltr' id='par_1_4' title="bbox 435 1255 1407 1331">
     <span class='ocr_line' id='line_1_4' title="bbox 435 1255 1407 1331; baseline -0.009 0"><span class='ocrx_word' id='word_1_9' title='bbox 435 1255 545 1331; x_wconf 66' lang='grc' dir='ltr'><strong>-Βκ</strong></span> <span class='ocrx_word' id='word_1_10' title='bbox 575 1277 819 1329; x_wconf 65' lang='lat' dir='ltr'><strong>civ-nm</strong></span> <span class='ocrx_word' id='word_1_11' title='bbox 848 1274 1056 1326; x_wconf 65' lang='lat' dir='ltr'><strong>mnam</strong></span> <span class='ocrx_word' id='word_1_12' title='bbox 1082 1268 1407 1331; x_wconf 56' lang='lat' dir='ltr'><strong>nmmum</strong></span> 
     </span>
    </p>
   </div>
   <div class='ocr_carea' id='block_1_5' title="bbox 1182 1314 1474 1390">
    <p class='ocr_par' dir='ltr' id='par_1_5' title="bbox 1182 1314 1474 1390">
     <span class='ocr_line' id='line_1_5' title="bbox 1182 1314 1474 1390; baseline -0.01 0"><span class='ocrx_word' id='word_1_13' title='bbox 1182 1314 1294 1390; x_wconf 57' lang='lat' dir='ltr'><strong>i135</strong></span> <span class='ocrx_word' id='word_1_14' title='bbox 1319 1314 1474 1389; x_wconf 57' lang='grc' dir='ltr'><strong>ἢέν-π’</strong></span> 
     </span>
    </p>
   </div>
   <div class='ocr_carea' id='block_1_6' title="bbox 750 1482 1403 1581">
    <p class='ocr_par' dir='ltr' id='par_1_6' title="bbox 750 1482 1403 1581">
     <span class='ocr_line' id='line_1_6' title="bbox 750 1482 1403 1581; baseline -0.018 -21"><span class='ocrx_word' id='word_1_15' title='bbox 750 1486 925 1560; x_wconf 59' lang='lat'><strong>1:15.11</strong></span> <span class='ocrx_word' id='word_1_16' title='bbox 960 1482 1053 1581; x_wconf 59' lang='lat' dir='ltr'><strong>“np</strong></span> <span class='ocrx_word' id='word_1_17' title='bbox 1088 1503 1334 1565; x_wconf 50' lang='lat' dir='ltr'><strong>vim</strong></span> <span class='ocrx_word' id='word_1_18' title='bbox 1371 1493 1403 1548; x_wconf 90' lang='lat'><strong>8</strong></span> 
     </span>
    </p>
   </div>
   <div class='ocr_carea' id='block_1_7' title="bbox 440 1647 1406 1752">
    <p class='ocr_par' dir='ltr' id='par_1_7' title="bbox 440 1647 1406 1752">
     <span class='ocr_line' id='line_1_7' title="bbox 440 1647 1406 1752; baseline -0.006 -30"><span class='ocrx_word' id='word_1_19' title='bbox 440 1647 686 1752; x_wconf 60' lang='grc' dir='ltr'><strong>πιπ-κιτι</strong></span> <span class='ocrx_word' id='word_1_20' title='bbox 737 1668 933 1722; x_wconf 70' lang='lat' dir='ltr'><strong>:i&#39;nm</strong></span> <span class='ocrx_word' id='word_1_21' title='bbox 974 1667 1140 1720; x_wconf 68' lang='lat' dir='ltr'><strong>um:</strong></span> <span class='ocrx_word' id='word_1_22' title='bbox 1176 1666 1338 1752; x_wconf 59' lang='lat' dir='ltr'><strong>pum</strong></span> <span class='ocrx_word' id='word_1_23' title='bbox 1373 1655 1406 1706; x_wconf 87' lang='lat'><strong>9</strong></span> 
     </span>
    </p>
   </div>
   <div class='ocr_carea' id='block_1_8' title="bbox 1136 1727 1475 1808">
    <p class='ocr_par' dir='ltr' id='par_1_8' title="bbox 1136 1727 1475 1808">
     <span class='ocr_line' id='line_1_8' title="bbox 1136 1727 1475 1808; baseline -0.015 -1"><span class='ocrx_word' id='word_1_24' title='bbox 1136 1730 1287 1808; x_wconf 54' lang='grc' dir='ltr'><strong>πελ-τ</strong></span> <span class='ocrx_word' id='word_1_25' title='bbox 1321 1727 1475 1805; x_wconf 69' lang='lat'><strong>1:11:35</strong></span> 
     </span>
    </p>
   </div>
   <div class='ocr_carea' id='block_1_9' title="bbox 846 2094 1404 2162">
    <p class='ocr_par' dir='ltr' id='par_1_9' title="bbox 846 2094 1404 2162">
     <span class='ocr_line' id='line_1_9' title="bbox 846 2094 1404 2162; baseline -0.014 0"><span class='ocrx_word' id='word_1_26' title='bbox 846 2110 1067 2162; x_wconf 70' lang='lat' dir='ltr'><strong>rrum:</strong></span> <span class='ocrx_word' id='word_1_27' title='bbox 1099 2106 1305 2158; x_wconf 58' lang='lat' dir='ltr'><strong>unum</strong></span> <span class='ocrx_word' id='word_1_28' title='bbox 1344 2094 1404 2148; x_wconf 82' lang='grc'><strong>11</strong></span> 
     </span>
    </p>
   </div>
   <div class='ocr_carea' id='block_1_10' title="bbox 782 2265 1414 2337">
    <p class='ocr_par' dir='ltr' id='par_1_10' title="bbox 782 2265 1414 2337">
     <span class='ocr_line' id='line_1_10' title="bbox 782 2265 1414 2337; baseline -0.011 -16"><span class='ocrx_word' id='word_1_29' title='bbox 782 2270 1011 2323; x_wconf 66' lang='lat' dir='ltr'><strong>nunc:</strong></span> <span class='ocrx_word' id='word_1_30' title='bbox 1046 2267 1235 2337; x_wconf 64' lang='lat' dir='ltr'><strong>mpm</strong></span> <span class='ocrx_word' id='word_1_31' title='bbox 1268 2265 1414 2316; x_wconf 72' lang='lat' dir='ltr'><strong>nm</strong></span> 
     </span>
    </p>
   </div>
   <div class='ocr_carea' id='block_1_11' title="bbox 1143 2398 1409 2475">
    <p class='ocr_par' dir='ltr' id='par_1_11' title="bbox 1143 2398 1409 2475">
     <span class='ocr_line' id='line_1_11' title="bbox 1143 2398 1409 2475; baseline 0.015 -14"><span class='ocrx_word' id='word_1_32' title='bbox 1143 2398 1300 2475; x_wconf 51' lang='grc' dir='ltr'><strong>τιή-πθ</strong></span> <span class='ocrx_word' id='word_1_33' title='bbox 1339 2413 1409 2466; x_wconf 68' lang='grc'><strong>12</strong></span> 
     </span>
    </p>
   </div>
   <div class='ocr_carea' id='block_1_12' title="bbox 853 2644 1418 2710">
    <p class='ocr_par' dir='ltr' id='par_1_12' title="bbox 853 2644 1418 2710">
     <span class='ocr_line' id='line_1_12' title="bbox 853 2644 1418 2710; baseline -0.025 0"><span class='ocrx_word' id='word_1_34' title='bbox 853 2657 1006 2710; x_wconf 63' lang='lat' dir='ltr'><strong>’7le</strong></span> <span class='ocrx_word' id='word_1_35' title='bbox 1042 2655 1141 2708; x_wconf 64' lang='lat' dir='ltr'><strong>WB</strong></span> <span class='ocrx_word' id='word_1_36' title='bbox 1175 2654 1309 2704; x_wconf 63' lang='lat' dir='ltr'><strong>wn</strong></span> <span class='ocrx_word' id='word_1_37' title='bbox 1351 2644 1418 2697; x_wconf 72' lang='grc' dir='ltr'><strong>Μ</strong></span> 
     </span>
    </p>
   </div>
   <div class='ocr_carea' id='block_1_13' title="bbox 1145 2725 1419 2800">
    <p class='ocr_par' dir='ltr' id='par_1_13' title="bbox 1145 2725 1419 2800">
     <span class='ocr_line' id='line_1_13' title="bbox 1145 2725 1419 2800; baseline 0 -1"><span class='ocrx_word' id='word_1_38' title='bbox 1145 2725 1312 2800; x_wconf 44' lang='lat' dir='ltr'><strong>urbm</strong></span> <span class='ocrx_word' id='word_1_39' title='bbox 1350 2739 1419 2793; x_wconf 83' lang='grc'><strong>15</strong></span> 
     </span>
    </p>
   </div>
   <div class='ocr_carea' id='block_1_14' title="bbox 543 2925 1397 2989">
    <p class='ocr_par' dir='ltr' id='par_1_14' title="bbox 543 2925 1397 2989">
     <span class='ocr_line' id='line_1_14' title="bbox 543 2925 1397 2989; baseline -0.009 -2"><span class='ocrx_word' id='word_1_40' title='bbox 543 2929 795 2989; x_wconf 72' lang='lat' dir='ltr'><strong>VERSIO</strong></span> <span class='ocrx_word' id='word_1_41' title='bbox 830 2926 1152 2985; x_wconf 80' lang='lat' dir='ltr'><strong>HEBRAICI</strong></span> <span class='ocrx_word' id='word_1_42' title='bbox 1190 2925 1397 2981; x_wconf 79' lang='grc' dir='ltr'><strong>ΤΕΧΤ.</strong></span> 
     </span>
    </p>
   </div>
   <div class='ocr_carea' id='block_1_15' title="bbox 523 3019 1495 3093">
    <p class='ocr_par' dir='ltr' id='par_1_15' title="bbox 523 3019 1495 3093">
     <span class='ocr_line' id='line_1_15' title="bbox 523 3019 1495 3093; baseline -0.011 -11"><span class='ocrx_word' id='word_1_43' title='bbox 523 3027 580 3082; x_wconf 85' lang='lat'><strong>5.</strong></span> <span class='ocrx_word' id='word_1_44' title='bbox 613 3026 687 3080; x_wconf 89' lang='lat' dir='ltr'><strong>Ite</strong></span> <span class='ocrx_word' id='word_1_45' title='bbox 724 3034 779 3080; x_wconf 89' lang='lat' dir='ltr'><strong>et</strong></span> <span class='ocrx_word' id='word_1_46' title='bbox 813 3022 993 3085; x_wconf 86' lang='lat' dir='ltr'><strong>videte</strong></span> <span class='ocrx_word' id='word_1_47' title='bbox 1025 3036 1191 3093; x_wconf 81' lang='lat' dir='ltr'><strong>opera</strong></span> <span class='ocrx_word' id='word_1_48' title='bbox 1224 3019 1356 3093; x_wconf 82' lang='lat' dir='ltr'><strong>Dei:</strong></span> <span class='ocrx_word' id='word_1_49' title='bbox 1386 3026 1495 3093; x_wconf 77' lang='lat' dir='ltr'><strong>ter-</strong></span> 
     </span>
    </p>
   </div>
   <div class='ocr_carea' id='block_1_16' title="bbox 453 3088 1496 3164">
    <p class='ocr_par' dir='ltr' id='par_1_16' title="bbox 453 3088 1496 3164">
     <span class='ocr_line' id='line_1_16' title="bbox 453 3088 1496 3164; baseline -0.012 -11"><span class='ocrx_word' id='word_1_50' title='bbox 453 3097 631 3154; x_wconf 89' lang='lat' dir='ltr'><strong>ribilis</strong></span> <span class='ocrx_word' id='word_1_51' title='bbox 685 3108 846 3164; x_wconf 84' lang='lat' dir='ltr'><strong>Opere</strong></span> <span class='ocrx_word' id='word_1_52' title='bbox 905 3088 1079 3164; x_wconf 65' lang='lat' dir='ltr'><strong>super</strong></span> <span class='ocrx_word' id='word_1_53' title='bbox 1123 3088 1496 3164; x_wconf 41' lang='lat' dir='ltr'><strong>liliosuhomi-</strong></span> 
     </span>
    </p>
   </div>
   <div class='ocr_carea' id='block_1_17' title="bbox 454 3159 1495 3228">
    <p class='ocr_par' dir='ltr' id='par_1_17' title="bbox 454 3159 1495 3228">
     <span class='ocr_line' id='line_1_17' title="bbox 454 3159 1495 3228; baseline -0.011 -5"><span class='ocrx_word' id='word_1_54' title='bbox 454 3184 605 3223; x_wconf 88' lang='lat' dir='ltr'><strong>num.</strong></span> <span class='ocrx_word' id='word_1_55' title='bbox 641 3159 880 3228; x_wconf 79' lang='lat' dir='ltr'><strong>Hiéron.,</strong></span> <span class='ocrx_word' id='word_1_56' title='bbox 906 3159 1088 3216; x_wconf 79' lang='lat' dir='ltr'><strong>venite</strong></span> <span class='ocrx_word' id='word_1_57' title='bbox 1129 3170 1183 3216; x_wconf 84' lang='lat' dir='ltr'><strong>et</strong></span> <span class='ocrx_word' id='word_1_58' title='bbox 1228 3159 1402 3213; x_wconf 86' lang='lat' dir='ltr'><strong>videte</strong></span> <span class='ocrx_word' id='word_1_59' title='bbox 1434 3174 1495 3213; x_wconf 91' lang='lat' dir='ltr'><strong>o-</strong></span> 
     </span>
    </p>
   </div>
   <div class='ocr_carea' id='block_1_18' title="bbox 452 3230 1496 3308">
    <p class='ocr_par' dir='ltr' id='par_1_18' title="bbox 452 3230 1496 3308">
     <span class='ocr_line' id='line_1_18' title="bbox 452 3230 1496 3308; baseline -0.01 -16"><span class='ocrx_word' id='word_1_60' title='bbox 452 3253 581 3308; x_wconf 80' lang='lat' dir='ltr'><strong>pera</strong></span> <span class='ocrx_word' id='word_1_61' title='bbox 608 3236 701 3308; x_wconf 67' lang='lat' dir='ltr'><strong>llei</strong></span> <span class='ocrx_word' id='word_1_62' title='bbox 735 3254 750 3308; x_wconf 90' lang='lat'><strong>:_</strong></span> <span class='ocrx_word' id='word_1_63' title='bbox 778 3232 1042 3289; x_wconf 81' lang='lat' dir='ltr'><strong>terribilia</strong></span> <span class='ocrx_word' id='word_1_64' title='bbox 1076 3230 1305 3286; x_wconf 89' lang='lat' dir='ltr'><strong>consilia</strong></span> <span class='ocrx_word' id='word_1_65' title='bbox 1332 3244 1496 3299; x_wconf 85' lang='lat' dir='ltr'><strong>super</strong></span> 
     </span>
    </p>
   </div>
   <div class='ocr_carea' id='block_1_19' title="bbox 453 3306 913 3364">
    <p class='ocr_par' dir='ltr' id='par_1_19' title="bbox 453 3306 913 3364">
     <span class='ocr_line' id='line_1_19' title="bbox 453 3306 913 3364; baseline -0.015 0"><span class='ocrx_word' id='word_1_66' title='bbox 453 3306 579 3364; x_wconf 75' lang='lat' dir='ltr'><strong>iiliis</strong></span> <span class='ocrx_word' id='word_1_67' title='bbox 608 3306 913 3360; x_wconf 88' lang='lat' dir='ltr'><strong>hominum.</strong></span> 
     </span>
    </p>
   </div>
   <div class='ocr_carea' id='block_1_20' title="bbox 527 3391 1493 3452">
    <p class='ocr_par' dir='ltr' id='par_1_20' title="bbox 527 3391 1493 3452">
     <span class='ocr_line' id='line_1_20' title="bbox 527 3391 1493 3452; baseline -0.008 0"><span class='ocrx_word' id='word_1_68' title='bbox 527 3397 582 3452; x_wconf 87' lang='lat'><strong>6.</strong></span> <span class='ocrx_word' id='word_1_69' title='bbox 627 3396 906 3450; x_wconf 75' lang='lat' dir='ltr'><strong>Convertit</strong></span> <span class='ocrx_word' id='word_1_70' title='bbox 951 3408 1101 3448; x_wconf 85' lang='lat' dir='ltr'><strong>mare</strong></span> <span class='ocrx_word' id='word_1_71' title='bbox 1146 3393 1200 3447; x_wconf 95' lang='lat' dir='ltr'><strong>in</strong></span> <span class='ocrx_word' id='word_1_72' title='bbox 1250 3391 1493 3445; x_wconf 83' lang='lat' dir='ltr'><strong>aridam:</strong></span> 
     </span>
    </p>
   </div>
   <div class='ocr_carea' id='block_1_21' title="bbox 456 3460 1497 3531">
    <p class='ocr_par' dir='ltr' id='par_1_21' title="bbox 456 3460 1497 3531">
     <span class='ocr_line' id='line_1_21' title="bbox 456 3460 1497 3531; baseline -0.008 -8"><span class='ocrx_word' id='word_1_73' title='bbox 456 3470 511 3524; x_wconf 93' lang='lat' dir='ltr'><strong>in</strong></span> <span class='ocrx_word' id='word_1_74' title='bbox 550 3467 772 3521; x_wconf 83' lang='lat' dir='ltr'><strong>ﬂumine</strong></span> <span class='ocrx_word' id='word_1_75' title='bbox 801 3466 1132 3519; x_wconf 84' lang='lat' dir='ltr'><strong>transierunt</strong></span> <span class='ocrx_word' id='word_1_76' title='bbox 1171 3462 1323 3531; x_wconf 87' lang='lat' dir='ltr'><strong>pede.</strong></span> <span class='ocrx_word' id='word_1_77' title='bbox 1368 3460 1497 3515; x_wconf 82' lang='lat' dir='ltr'><strong>Ilie-</strong></span> 
     </span>
    </p>
   </div>
   <div class='ocr_carea' id='block_1_22' title="bbox 456 3532 1494 3599">
    <p class='ocr_par' dir='ltr' id='par_1_22' title="bbox 456 3532 1494 3599">
     <span class='ocr_line' id='line_1_22' title="bbox 456 3532 1494 3599; baseline -0.006 -7"><span class='ocrx_word' id='word_1_78' title='bbox 456 3547 597 3599; x_wconf 79' lang='lat' dir='ltr'><strong>ron.,</strong></span> <span class='ocrx_word' id='word_1_79' title='bbox 648 3536 912 3591; x_wconf 88' lang='lat' dir='ltr'><strong>convertit</strong></span> <span class='ocrx_word' id='word_1_80' title='bbox 945 3549 1094 3587; x_wconf 89' lang='lat' dir='ltr'><strong>mare</strong></span> <span class='ocrx_word' id='word_1_81' title='bbox 1146 3534 1201 3586; x_wconf 92' lang='lat' dir='ltr'><strong>in</strong></span> <span class='ocrx_word' id='word_1_82' title='bbox 1246 3532 1494 3586; x_wconf 86' lang='lat' dir='ltr'><strong>aridam:</strong></span> 
     </span>
    </p>
   </div>
   <div class='ocr_carea' id='block_1_23' title="bbox 457 3602 1402 3675">
    <p class='ocr_par' dir='ltr' id='par_1_23' title="bbox 457 3602 1402 3675">
     <span class='ocr_line' id='line_1_23' title="bbox 457 3602 1402 3675; baseline -0.01 -12"><span class='ocrx_word' id='word_1_83' title='bbox 457 3612 510 3663; x_wconf 90' lang='lat' dir='ltr'><strong>in</strong></span> <span class='ocrx_word' id='word_1_84' title='bbox 547 3607 768 3661; x_wconf 77' lang='lat' dir='ltr'><strong>(lumine</strong></span> <span class='ocrx_word' id='word_1_85' title='bbox 800 3604 1207 3675; x_wconf 87' lang='lat' dir='ltr'><strong>pertransibunt</strong></span> <span class='ocrx_word' id='word_1_86' title='bbox 1244 3602 1402 3671; x_wconf 79' lang='lat' dir='ltr'><strong>pede.</strong></span> 
     </span>
    </p>
   </div>
   <div class='ocr_carea' id='block_1_24' title="bbox 528 3693 1496 3752">
    <p class='ocr_par' dir='ltr' id='par_1_24' title="bbox 528 3693 1496 3752">
     <span class='ocr_line' id='line_1_24' title="bbox 528 3693 1496 3752; baseline -0.004 -2"><span class='ocrx_word' id='word_1_87' title='bbox 528 3699 582 3752; x_wconf 89' lang='lat'><strong>7.</strong></span> <span class='ocrx_word' id='word_1_88' title='bbox 609 3697 901 3751; x_wconf 83' lang='lat' dir='ltr'><strong>Dominans</strong></span> <span class='ocrx_word' id='word_1_89' title='bbox 944 3694 1000 3749; x_wconf 90' lang='lat' dir='ltr'><strong>in</strong></span> <span class='ocrx_word' id='word_1_90' title='bbox 1050 3693 1365 3748; x_wconf 82' lang='lat' dir='ltr'><strong>fortitudine</strong></span> <span class='ocrx_word' id='word_1_91' title='bbox 1398 3708 1496 3746; x_wconf 90' lang='lat' dir='ltr'><strong>sua</strong></span> 
     </span>
    </p>
   </div>
   <div class='ocr_carea' id='block_1_25' title="bbox 456 3764 1497 3833">
    <p class='ocr_par' dir='ltr' id='par_1_25' title="bbox 456 3764 1497 3833">
     <span class='ocr_line' id='line_1_25' title="bbox 456 3764 1497 3833; baseline -0.009 -9"><span class='ocrx_word' id='word_1_92' title='bbox 456 3778 742 3825; x_wconf 61' lang='lat' dir='ltr'><strong>aeternum.</strong></span> <span class='ocrx_word' id='word_1_93' title='bbox 776 3767 1014 3830; x_wconf 69' lang='lat' dir='ltr'><strong>Hierom,</strong></span> <span class='ocrx_word' id='word_1_94' title='bbox 1051 3764 1144 3833; x_wconf 90' lang='lat' dir='ltr'><strong>qui</strong></span> <span class='ocrx_word' id='word_1_95' title='bbox 1187 3764 1497 3817; x_wconf 85' lang='lat' dir='ltr'><strong>dominatur</strong></span> 
     </span>
    </p>
   </div>
   <div class='ocr_carea' id='block_1_26' title="bbox 459 3834 1237 3896">
    <p class='ocr_par' dir='ltr' id='par_1_26' title="bbox 459 3834 1237 3896">
     <span class='ocr_line' id='line_1_26' title="bbox 459 3834 1237 3896; baseline -0.01 0"><span class='ocrx_word' id='word_1_96' title='bbox 459 3842 514 3896; x_wconf 92' lang='lat' dir='ltr'><strong>in</strong></span> <span class='ocrx_word' id='word_1_97' title='bbox 540 3836 856 3893; x_wconf 85' lang='lat' dir='ltr'><strong>fortitudine</strong></span> <span class='ocrx_word' id='word_1_98' title='bbox 895 3850 991 3890; x_wconf 86' lang='lat' dir='ltr'><strong>sua</strong></span> <span class='ocrx_word' id='word_1_99' title='bbox 1018 3834 1237 3889; x_wconf 73' lang='lat' dir='ltr'><strong>saeculo.</strong></span> 
     </span>
    </p>
   </div>
   <div class='ocr_carea' id='block_1_27' title="bbox 534 3925 1493 3998">
    <p class='ocr_par' dir='ltr' id='par_1_27' title="bbox 534 3925 1493 3998">
     <span class='ocr_line' id='line_1_27' title="bbox 534 3925 1493 3998; baseline -0.008 -13"><span class='ocrx_word' id='word_1_100' title='bbox 534 3929 692 3985; x_wconf 87' lang='lat' dir='ltr'><strong>Oculi</strong></span> <span class='ocrx_word' id='word_1_101' title='bbox 727 3929 844 3998; x_wconf 87' lang='lat' dir='ltr'><strong>ejus</strong></span> <span class='ocrx_word' id='word_1_102' title='bbox 871 3928 927 3981; x_wconf 92' lang='lat' dir='ltr'><strong>in</strong></span> <span class='ocrx_word' id='word_1_103' title='bbox 959 3938 1143 3996; x_wconf 80' lang='lat' dir='ltr'><strong>gentes</strong></span> <span class='ocrx_word' id='word_1_104' title='bbox 1165 3925 1493 3998; x_wconf 69' lang='lat' dir='ltr'><strong>respiciunt,</strong></span> 
     </span>
    </p>
   </div>
   <div class='ocr_carea' id='block_1_28' title="bbox 458 3995 1497 4064">
    <p class='ocr_par' dir='ltr' id='par_1_28' title="bbox 458 3995 1497 4064">
     <span class='ocr_line' id='line_1_28' title="bbox 458 3995 1497 4064; baseline -0.011 -7"><span class='ocrx_word' id='word_1_105' title='bbox 458 4001 689 4057; x_wconf 87' lang='lat' dir='ltr'><strong>rebelles</strong></span> <span class='ocrx_word' id='word_1_106' title='bbox 730 3995 798 4053; x_wconf 56' lang='lat' dir='ltr'><strong>n&#39;e</strong></span> <span class='ocrx_word' id='word_1_107' title='bbox 851 3995 1061 4052; x_wconf 84' lang='lat' dir='ltr'><strong>elevent</strong></span> <span class='ocrx_word' id='word_1_108' title='bbox 1100 3997 1329 4064; x_wconf 89' lang='lat' dir='ltr'><strong>seipsos.</strong></span> <span class='ocrx_word' id='word_1_109' title='bbox 1373 3995 1497 4048; x_wconf 79' lang='lat' dir='ltr'><strong>Hie-</strong></span> 
     </span>
    </p>
   </div>
   <div class='ocr_carea' id='block_1_29' title="bbox 462 4066 1496 4138">
    <p class='ocr_par' dir='ltr' id='par_1_29' title="bbox 462 4066 1496 4138">
     <span class='ocr_line' id='line_1_29' title="bbox 462 4066 1496 4138; baseline -0.009 -13"><span class='ocrx_word' id='word_1_110' title='bbox 462 4088 621 4138; x_wconf 87' lang='lat' dir='ltr'><strong>ron.,.</strong></span> <span class='ocrx_word' id='word_1_111' title='bbox 642 4069 782 4125; x_wconf 91' lang='lat' dir='ltr'><strong>oculi</strong></span> <span class='ocrx_word' id='word_1_112' title='bbox 814 4068 931 4137; x_wconf 88' lang='lat' dir='ltr'><strong>ejus</strong></span> <span class='ocrx_word' id='word_1_113' title='bbox 964 4076 1150 4136; x_wconf 77' lang='lat' dir='ltr'><strong>gentes</strong></span> <span class='ocrx_word' id='word_1_114' title='bbox 1203 4066 1496 4138; x_wconf 86' lang='lat' dir='ltr'><strong>aspiciunt,</strong></span> 
     </span>
    </p>
   </div>
   <div class='ocr_carea' id='block_1_30' title="bbox 464 4137 1498 4209">
    <p class='ocr_par' dir='ltr' id='par_1_30' title="bbox 464 4137 1498 4209">
     <span class='ocr_line' id='line_1_30' title="bbox 464 4137 1498 4209; baseline -0.008 -14"><span class='ocrx_word' id='word_1_115' title='bbox 464 4142 560 4209; x_wconf 91' lang='lat' dir='ltr'><strong>qui</strong></span> <span class='ocrx_word' id='word_1_116' title='bbox 591 4137 859 4194; x_wconf 88' lang='lat' dir='ltr'><strong>increduli</strong></span> <span class='ocrx_word' id='word_1_117' title='bbox 886 4145 1015 4193; x_wconf 90' lang='lat' dir='ltr'><strong>sunt</strong></span> <span class='ocrx_word' id='word_1_118' title='bbox 1044 4150 1155 4191; x_wconf 89' lang='lat' dir='ltr'><strong>non</strong></span> <span class='ocrx_word' id='word_1_119' title='bbox 1191 4137 1498 4189; x_wconf 77' lang='lat' dir='ltr'><strong>exaltentur</strong></span> 
     </span>
    </p>
   </div>
   <div class='ocr_carea' id='block_1_31' title="bbox 464 4209 875 4277">
    <p class='ocr_par' dir='ltr' id='par_1_31' title="bbox 464 4209 875 4277">
     <span class='ocr_line' id='line_1_31' title="bbox 464 4209 875 4277; baseline 0 -12"><span class='ocrx_word' id='word_1_120' title='bbox 464 4213 522 4265; x_wconf 90' lang='lat' dir='ltr'><strong>in</strong></span> <span class='ocrx_word' id='word_1_121' title='bbox 549 4209 875 4277; x_wconf 86' lang='lat' dir='ltr'><strong>semetipsis.</strong></span> 
     </span>
    </p>
   </div>
   <div class='ocr_carea' id='block_1_32' title="bbox 535 4296 1501 4357">
    <p class='ocr_par' dir='ltr' id='par_1_32' title="bbox 535 4296 1501 4357">
     <span class='ocr_line' id='line_1_32' title="bbox 535 4296 1501 4357; baseline -0.008 0"><span class='ocrx_word' id='word_1_122' title='bbox 535 4302 591 4357; x_wconf 93' lang='lat'><strong>8.</strong></span> <span class='ocrx_word' id='word_1_123' title='bbox 620 4300 686 4355; x_wconf 91' lang='lat' dir='ltr'><strong>Et</strong></span> <span class='ocrx_word' id='word_1_124' title='bbox 710 4302 952 4355; x_wconf 87' lang='lat' dir='ltr'><strong>auditam</strong></span> <span class='ocrx_word' id='word_1_125' title='bbox 977 4299 1141 4354; x_wconf 87' lang='lat' dir='ltr'><strong>facite</strong></span> <span class='ocrx_word' id='word_1_126' title='bbox 1169 4311 1357 4352; x_wconf 83' lang='lat' dir='ltr'><strong>vocem</strong></span> <span class='ocrx_word' id='word_1_127' title='bbox 1382 4296 1501 4350; x_wconf 89' lang='lat' dir='ltr'><strong>lau-</strong></span> 
     </span>
    </p>
   </div>
   <div class='ocr_carea' id='block_1_33' title="bbox 462 4370 1115 4442">
    <p class='ocr_par' dir='ltr' id='par_1_33' title="bbox 462 4370 1115 4442">
     <span class='ocr_line' id='line_1_33' title="bbox 462 4370 1115 4442; baseline -0.012 -12"><span class='ocrx_word' id='word_1_128' title='bbox 462 4373 549 4430; x_wconf 86' lang='lat' dir='ltr'><strong>dis</strong></span> <span class='ocrx_word' id='word_1_129' title='bbox 582 4372 720 4442; x_wconf 86' lang='lat' dir='ltr'><strong>ejus.</strong></span> <span class='ocrx_word' id='word_1_130' title='bbox 762 4370 1005 4434; x_wconf 75' lang='lat' dir='ltr'><strong>Hieron.,</strong></span> <span class='ocrx_word' id='word_1_131' title='bbox 1039 4371 1115 4423; x_wconf 81' lang='lat' dir='ltr'><strong>id.</strong></span> 
     </span>
    </p>
   </div>
   <div class='ocr_carea' id='block_1_34' title="bbox 535 4462 1503 4523">
    <p class='ocr_par' dir='ltr' id='par_1_34' title="bbox 535 4462 1503 4523">
     <span class='ocr_line' id='line_1_34' title="bbox 535 4462 1503 4523; baseline -0.008 0"><span class='ocrx_word' id='word_1_132' title='bbox 535 4468 590 4523; x_wconf 89' lang='lat'><strong>9.</strong></span> <span class='ocrx_word' id='word_1_133' title='bbox 636 4466 851 4522; x_wconf 89' lang='lat' dir='ltr'><strong>Ponens</strong></span> <span class='ocrx_word' id='word_1_134' title='bbox 890 4467 1127 4519; x_wconf 88' lang='lat' dir='ltr'><strong>animam</strong></span> <span class='ocrx_word' id='word_1_135' title='bbox 1171 4474 1412 4518; x_wconf 87' lang='lat' dir='ltr'><strong>nostram</strong></span> <span class='ocrx_word' id='word_1_136' title='bbox 1447 4462 1503 4516; x_wconf 89' lang='lat' dir='ltr'><strong>in</strong></span> 
     </span>
    </p>
   </div>
   <div class='ocr_carea' id='block_1_35' title="bbox 463 4534 1503 4605">
    <p class='ocr_par' dir='ltr' id='par_1_35' title="bbox 463 4534 1503 4605">
     <span class='ocr_line' id='line_1_35' title="bbox 463 4534 1503 4605; baseline -0.006 -14"><span class='ocrx_word' id='word_1_137' title='bbox 463 4539 656 4605; x_wconf 88' lang='lat' dir='ltr'><strong>vitam,</strong></span> <span class='ocrx_word' id='word_1_138' title='bbox 697 4546 750 4592; x_wconf 90' lang='lat' dir='ltr'><strong>et</strong></span> <span class='ocrx_word' id='word_1_139' title='bbox 778 4552 886 4589; x_wconf 90' lang='lat' dir='ltr'><strong>non</strong></span> <span class='ocrx_word' id='word_1_140' title='bbox 913 4536 1062 4605; x_wconf 80' lang='lat' dir='ltr'><strong>dedit</strong></span> <span class='ocrx_word' id='word_1_141' title='bbox 1089 4535 1152 4587; x_wconf 89' lang='lat' dir='ltr'><strong>ad</strong></span> <span class='ocrx_word' id='word_1_142' title='bbox 1202 4534 1503 4588; x_wconf 81' lang='lat' dir='ltr'><strong>notandum</strong></span> 
     </span>
    </p>
   </div>
   <div class='ocr_carea' id='block_1_36' title="bbox 466 4604 1508 4679">
    <p class='ocr_par' dir='ltr' id='par_1_36' title="bbox 466 4604 1508 4679">
     <span class='ocr_line' id='line_1_36' title="bbox 466 4604 1508 4679; baseline -0.008 -16"><span class='ocrx_word' id='word_1_143' title='bbox 466 4604 649 4679; x_wconf 88' lang='lat' dir='ltr'><strong>pedes</strong></span> <span class='ocrx_word' id='word_1_144' title='bbox 694 4617 930 4661; x_wconf 85' lang='lat' dir='ltr'><strong>nostros.</strong></span> <span class='ocrx_word' id='word_1_145' title='bbox 980 4604 1225 4669; x_wconf 81' lang='lat' dir='ltr'><strong>Hieron.,</strong></span> <span class='ocrx_word' id='word_1_146' title='bbox 1264 4606 1365 4679; x_wconf 78' lang='lat' dir='ltr'><strong>qui</strong></span> <span class='ocrx_word' id='word_1_147' title='bbox 1410 4618 1508 4672; x_wconf 89' lang='lat' dir='ltr'><strong>po-</strong></span> 
     </span>
    </p>
   </div>
   <div class='ocr_carea' id='block_1_37' title="bbox 467 4674 1505 4738">
    <p class='ocr_par' dir='ltr' id='par_1_37' title="bbox 467 4674 1505 4738">
     <span class='ocr_line' id='line_1_37' title="bbox 467 4674 1505 4738; baseline -0.009 -5"><span class='ocrx_word' id='word_1_148' title='bbox 467 4674 578 4733; x_wconf 75' lang='lat' dir='ltr'><strong>suit</strong></span> <span class='ocrx_word' id='word_1_149' title='bbox 626 4680 865 4732; x_wconf 88' lang='lat' dir='ltr'><strong>animam</strong></span> <span class='ocrx_word' id='word_1_150' title='bbox 918 4684 1162 4729; x_wconf 88' lang='lat' dir='ltr'><strong>nostram</strong></span> <span class='ocrx_word' id='word_1_151' title='bbox 1216 4676 1281 4728; x_wconf 91' lang='lat' dir='ltr'><strong>ad</strong></span> <span class='ocrx_word' id='word_1_152' title='bbox 1316 4674 1505 4738; x_wconf 83' lang='lat' dir='ltr'><strong>vitam,</strong></span> 
     </span>
    </p>
   </div>
   <div class='ocr_carea' id='block_1_38' title="bbox 467 4745 1510 4812">
    <p class='ocr_par' dir='ltr' id='par_1_38' title="bbox 467 4745 1510 4812">
     <span class='ocr_line' id='line_1_38' title="bbox 467 4745 1510 4812; baseline -0.006 -9"><span class='ocrx_word' id='word_1_153' title='bbox 467 4759 523 4803; x_wconf 90' lang='lat' dir='ltr'><strong>et</strong></span> <span class='ocrx_word' id='word_1_154' title='bbox 552 4763 662 4802; x_wconf 90' lang='lat' dir='ltr'><strong>non</strong></span> <span class='ocrx_word' id='word_1_155' title='bbox 693 4747 840 4801; x_wconf 86' lang='lat' dir='ltr'><strong>dedit</strong></span> <span class='ocrx_word' id='word_1_156' title='bbox 874 4747 929 4800; x_wconf 92' lang='lat' dir='ltr'><strong>in</strong></span> <span class='ocrx_word' id='word_1_157' title='bbox 955 4745 1382 4801; x_wconf 85' lang='lat' dir='ltr'><strong>commotionem</strong></span> <span class='ocrx_word' id='word_1_158' title='bbox 1416 4758 1510 4812; x_wconf 82' lang='lat' dir='ltr'><strong>pe-</strong></span> 
     </span>
    </p>
   </div>
   <div class='ocr_carea' id='block_1_39' title="bbox 468 4820 828 4874">
    <p class='ocr_par' dir='ltr' id='par_1_39' title="bbox 468 4820 828 4874">
     <span class='ocr_line' id='line_1_39' title="bbox 468 4820 828 4874; baseline -0.011 0"><span class='ocrx_word' id='word_1_159' title='bbox 468 4820 564 4874; x_wconf 88' lang='lat' dir='ltr'><strong>des</strong></span> <span class='ocrx_word' id='word_1_160' title='bbox 590 4828 828 4873; x_wconf 83' lang='lat' dir='ltr'><strong>nostros.</strong></span> 
     </span>
    </p>
   </div>
   <div class='ocr_carea' id='block_1_40' title="bbox 543 4909 1508 4966">
    <p class='ocr_par' dir='ltr' id='par_1_40' title="bbox 543 4909 1508 4966">
     <span class='ocr_line' id='line_1_40' title="bbox 543 4909 1508 4966; baseline -0.002 -1"><span class='ocrx_word' id='word_1_161' title='bbox 543 4913 629 4966; x_wconf 91' lang='grc'><strong>11.</strong></span> <span class='ocrx_word' id='word_1_162' title='bbox 686 4909 1032 4965; x_wconf 85' lang='lat' dir='ltr'><strong>lntroduxisti</strong></span> <span class='ocrx_word' id='word_1_163' title='bbox 1097 4924 1198 4963; x_wconf 90' lang='lat' dir='ltr'><strong>nos</strong></span> <span class='ocrx_word' id='word_1_164' title='bbox 1263 4910 1318 4963; x_wconf 90' lang='lat' dir='ltr'><strong>in</strong></span> <span class='ocrx_word' id='word_1_165' title='bbox 1374 4916 1508 4963; x_wconf 90' lang='lat' dir='ltr'><strong>rete.</strong></span> 
     </span>
    </p>
   </div>
   <div class='ocr_carea' id='block_1_41' title="bbox 471 4978 1513 5043">
    <p class='ocr_par' dir='ltr' id='par_1_41' title="bbox 471 4978 1513 5043">
     <span class='ocr_line' id='line_1_41' title="bbox 471 4978 1513 5043; baseline -0.006 -6"><span class='ocrx_word' id='word_1_166' title='bbox 471 4981 717 5043; x_wconf 82' lang='lat' dir='ltr'><strong>Hieron.,</strong></span> <span class='ocrx_word' id='word_1_167' title='bbox 747 4980 1093 5035; x_wconf 82' lang='lat' dir='ltr'><strong>introduxisti</strong></span> <span class='ocrx_word' id='word_1_168' title='bbox 1140 4995 1239 5034; x_wconf 89' lang='lat' dir='ltr'><strong>nos</strong></span> <span class='ocrx_word' id='word_1_169' title='bbox 1269 4980 1324 5032; x_wconf 92' lang='lat' dir='ltr'><strong>in</strong></span> <span class='ocrx_word' id='word_1_170' title='bbox 1364 4978 1513 5033; x_wconf 90' lang='lat' dir='ltr'><strong>obsi-</strong></span> 
     </span>
    </p>
   </div>
   <div class='ocr_carea' id='block_1_42' title="bbox 470 5053 708 5107">
    <p class='ocr_par' dir='ltr' id='par_1_42' title="bbox 470 5053 708 5107">
     <span class='ocr_line' id='line_1_42' title="bbox 470 5053 708 5107; baseline -0.008 0"><span class='ocrx_word' id='word_1_171' title='bbox 470 5053 708 5107; x_wconf 86' lang='lat' dir='ltr'><strong>dionem.</strong></span> 
     </span>
    </p>
   </div>
   <div class='ocr_carea' id='block_1_43' title="bbox 544 5141 1513 5198">
    <p class='ocr_par' dir='ltr' id='par_1_43' title="bbox 544 5141 1513 5198">
     <span class='ocr_line' id='line_1_43' title="bbox 544 5141 1513 5198; baseline -0.006 -1"><span class='ocrx_word' id='word_1_172' title='bbox 544 5141 779 5198; x_wconf 87' lang='lat' dir='ltr'><strong>Posuisti</strong></span> <span class='ocrx_word' id='word_1_173' title='bbox 819 5141 1238 5196; x_wconf 88' lang='lat' dir='ltr'><strong>coarctationem</strong></span> <span class='ocrx_word' id='word_1_174' title='bbox 1268 5144 1324 5193; x_wconf 84' lang='lat' dir='ltr'><strong>in</strong></span> <span class='ocrx_word' id='word_1_175' title='bbox 1370 5142 1513 5193; x_wconf 85' lang='lat' dir='ltr'><strong>lum-</strong></span> 
     </span>
    </p>
   </div>
   <div class='ocr_carea' id='block_1_44' title="bbox 472 5210 1511 5279">
    <p class='ocr_par' dir='ltr' id='par_1_44' title="bbox 472 5210 1511 5279">
     <span class='ocr_line' id='line_1_44' title="bbox 472 5210 1511 5279; baseline -0.007 -10"><span class='ocrx_word' id='word_1_176' title='bbox 472 5214 559 5269; x_wconf 85' lang='lat' dir='ltr'><strong>bis</strong></span> <span class='ocrx_word' id='word_1_177' title='bbox 590 5214 809 5267; x_wconf 81' lang='lat' dir='ltr'><strong>nostris.</strong></span> <span class='ocrx_word' id='word_1_178' title='bbox 848 5211 1091 5273; x_wconf 81' lang='lat' dir='ltr'><strong>Ilieron.,</strong></span> <span class='ocrx_word' id='word_1_179' title='bbox 1124 5210 1351 5279; x_wconf 90' lang='lat' dir='ltr'><strong>posuisti</strong></span> <span class='ocrx_word' id='word_1_180' title='bbox 1385 5210 1511 5263; x_wconf 85' lang='lat' dir='ltr'><strong>stri-</strong></span> 
     </span>
    </p>
   </div>
   <div class='ocr_carea' id='block_1_45' title="bbox 475 5283 1194 5338">
    <p class='ocr_par' dir='ltr' id='par_1_45' title="bbox 475 5283 1194 5338">
     <span class='ocr_line' id='line_1_45' title="bbox 475 5283 1194 5338; baseline -0.007 0"><span class='ocrx_word' id='word_1_181' title='bbox 475 5287 663 5338; x_wconf 88' lang='lat' dir='ltr'><strong>dorem</strong></span> <span class='ocrx_word' id='word_1_182' title='bbox 697 5285 750 5336; x_wconf 92' lang='lat' dir='ltr'><strong>in</strong></span> <span class='ocrx_word' id='word_1_183' title='bbox 787 5283 950 5337; x_wconf 84' lang='lat' dir='ltr'><strong>dorso</strong></span> <span class='ocrx_word' id='word_1_184' title='bbox 984 5290 1194 5335; x_wconf 89' lang='lat' dir='ltr'><strong>nostro.</strong></span> 
     </span>
    </p>
   </div>
   <div class='ocr_carea' id='block_1_46' title="bbox 548 5370 1511 5443">
    <p class='ocr_par' dir='ltr' id='par_1_46' title="bbox 548 5370 1511 5443">
     <span class='ocr_line' id='line_1_46' title="bbox 548 5370 1511 5443; baseline -0.002 -16"><span class='ocrx_word' id='word_1_185' title='bbox 548 5374 635 5427; x_wconf 69' lang='grc'><strong>12.</strong></span> <span class='ocrx_word' id='word_1_186' title='bbox 667 5374 747 5428; x_wconf 80' lang='lat' dir='ltr'><strong>Ad</strong></span> <span class='ocrx_word' id='word_1_187' title='bbox 777 5374 1053 5443; x_wconf 81' lang='lat' dir='ltr'><strong>irriguam.</strong></span> <span class='ocrx_word' id='word_1_188' title='bbox 1082 5370 1325 5437; x_wconf 81' lang='lat' dir='ltr'><strong>Hieron.,</strong></span> <span class='ocrx_word' id='word_1_189' title='bbox 1350 5371 1405 5424; x_wconf 91' lang='lat' dir='ltr'><strong>in</strong></span> <span class='ocrx_word' id='word_1_190' title='bbox 1426 5385 1511 5425; x_wconf 90' lang='lat' dir='ltr'><strong>re-</strong></span> 
     </span>
    </p>
   </div>
   <div class='ocr_carea' id='block_1_47' title="bbox 476 5444 777 5513">
    <p class='ocr_par' dir='ltr' id='par_1_47' title="bbox 476 5444 777 5513">
     <span class='ocr_line' id='line_1_47' title="bbox 476 5444 777 5513; baseline -0.01 -14"><span class='ocrx_word' id='word_1_191' title='bbox 476 5444 777 5513; x_wconf 73' lang='lat' dir='ltr'><strong>frigerium.</strong></span> 
     </span>
    </p>
   </div>
   <div class='ocr_carea' id='block_1_48' title="bbox 552 5539 1512 5608">
    <p class='ocr_par' dir='ltr' id='par_1_48' title="bbox 552 5539 1512 5608">
     <span class='ocr_line' id='line_1_48' title="bbox 552 5539 1512 5608; baseline -0.001 -16"><span class='ocrx_word' id='word_1_192' title='bbox 552 5539 639 5592; x_wconf 72' lang='grc'><strong>14.</strong></span> <span class='ocrx_word' id='word_1_193' title='bbox 671 5540 801 5604; x_wconf 72' lang='lat' dir='ltr'><strong>Quae</strong></span> <span class='ocrx_word' id='word_1_194' title='bbox 829 5548 1157 5608; x_wconf 90' lang='lat' dir='ltr'><strong>aperuerunt</strong></span> <span class='ocrx_word' id='word_1_195' title='bbox 1194 5540 1338 5595; x_wconf 85' lang='lat' dir='ltr'><strong>labia</strong></span> <span class='ocrx_word' id='word_1_196' title='bbox 1372 5554 1512 5593; x_wconf 88' lang='lat' dir='ltr'><strong>mea.</strong></span> 
     </span>
    </p>
   </div>
   <div class='ocr_carea' id='block_1_49' title="bbox 479 5608 1517 5680">
    <p class='ocr_par' dir='ltr' id='par_1_49' title="bbox 479 5608 1517 5680">
     <span class='ocr_line' id='line_1_49' title="bbox 479 5608 1517 5680; baseline -0.004 -13"><span class='ocrx_word' id='word_1_197' title='bbox 479 5610 721 5672; x_wconf 69' lang='lat' dir='ltr'><strong>Hierom,</strong></span> <span class='ocrx_word' id='word_1_198' title='bbox 770 5624 904 5678; x_wconf 63' lang='lat' dir='ltr'><strong>quaa-</strong></span> <span class='ocrx_word' id='word_1_199' title='bbox 937 5612 1308 5680; x_wconf 87' lang='lat' dir='ltr'><strong>promiserunt</strong></span> <span class='ocrx_word' id='word_1_200' title='bbox 1375 5608 1517 5664; x_wconf 83' lang='lat' dir='ltr'><strong>labia</strong></span> 
     </span>
    </p>
   </div>
   <div class='ocr_carea' id='block_1_50' title="bbox 483 5694 623 5734">
    <p class='ocr_par' dir='ltr' id='par_1_50' title="bbox 483 5694 623 5734">
     <span class='ocr_line' id='line_1_50' title="bbox 483 5694 623 5734; baseline -0.029 0"><span class='ocrx_word' id='word_1_201' title='bbox 483 5694 623 5734; x_wconf 89' lang='lat' dir='ltr'><strong>mea.</strong></span> 
     </span>
    </p>
   </div>
   <div class='ocr_carea' id='block_1_51' title="bbox 492 5768 1321 5836">
    <p class='ocr_par' dir='ltr' id='par_1_51' title="bbox 492 5768 1321 5836">
     <span class='ocr_line' id='line_1_51' title="bbox 492 5768 1321 5836; baseline 0.002 -14"><span class='ocrx_word' id='word_1_202' title='bbox 492 5768 497 5774; x_wconf 82' lang='grc'><em>’</em></span> <span class='ocrx_word' id='word_1_203' title='bbox 560 5768 645 5822; x_wconf 84' lang='grc'><strong>15.</strong></span> <span class='ocrx_word' id='word_1_204' title='bbox 681 5768 944 5826; x_wconf 85' lang='lat' dir='ltr'><strong>Arietum.</strong></span> <span class='ocrx_word' id='word_1_205' title='bbox 975 5769 1215 5836; x_wconf 67' lang='lat' dir='ltr'><strong>Hierom,</strong></span> <span class='ocrx_word' id='word_1_206' title='bbox 1246 5770 1321 5825; x_wconf 79' lang='lat' dir='ltr'><strong>id.</strong></span> 
     </span>
    </p>
   </div>
   <div class='ocr_carea' id='block_1_52' title="bbox 1490 344 2651 416">
    <p class='ocr_par' dir='ltr' id='par_1_52' title="bbox 1490 344 2651 416">
     <span class='ocr_line' id='line_1_52' title="bbox 1490 344 2651 416; baseline -0.009 -9"><span class='ocrx_word' id='word_1_207' title='bbox 1490 350 1967 408; x_wconf 75' lang='lat' dir='ltr'><strong>HEXAPLUHUM</strong></span> <span class='ocrx_word' id='word_1_208' title='bbox 2005 350 2172 416; x_wconf 63' lang='lat' dir='ltr'><strong>QUAS</strong></span> <span class='ocrx_word' id='word_1_209' title='bbox 2217 344 2651 403; x_wconf 77' lang='lat' dir='ltr'><strong>SUPERSUNT.</strong></span> 
     </span>
    </p>
   </div>
   <div class='ocr_carea' id='block_1_53' title="bbox 3607 336 3728 396">
    <p class='ocr_par' dir='ltr' id='par_1_53' title="bbox 3607 336 3728 396">
     <span class='ocr_line' id='line_1_53' title="bbox 3607 336 3728 396; baseline -0.033 0"><span class='ocrx_word' id='word_1_210' title='bbox 3607 336 3728 396; x_wconf 69' lang='lat'><strong>9‘20</strong></span> 
     </span>
    </p>
   </div>
   <div class='ocr_carea' id='block_1_54' title="bbox 1830 453 3335 519">
    <p class='ocr_par' dir='ltr' id='par_1_54' title="bbox 1830 453 3335 519">
     <span class='ocr_line' id='line_1_54' title="bbox 1830 453 3335 519; baseline -0.007 0"><span class='ocrx_word' id='word_1_211' title='bbox 1830 467 1917 519; x_wconf 92' lang='grc' dir='ltr'><strong>ΤΟ</strong></span> <span class='ocrx_word' id='word_1_212' title='bbox 1957 465 2303 518; x_wconf 79' lang='grc' dir='ltr'><strong>ΕΒΡΛΙΚΟΝ</strong></span> <span class='ocrx_word' id='word_1_213' title='bbox 3036 453 3335 509; x_wconf 73' lang='grc' dir='ltr'><strong>ΔΚΥΛΑΣ.</strong></span> 
     </span>
    </p>
   </div>
   <div class='ocr_carea' id='block_1_55' title="bbox 1666 533 2417 618">
    <p class='ocr_par' dir='ltr' id='par_1_55' title="bbox 1666 533 2417 618">
     <span class='ocr_line' id='line_1_55' title="bbox 1666 533 2417 618; baseline -0.009 -26"><span class='ocrx_word' id='word_1_214' title='bbox 1666 610 1677 618; x_wconf 30' lang='grc' dir='ltr'>ι</span> <span class='ocrx_word' id='word_1_215' title='bbox 1738 536 2067 608; x_wconf 81' lang='grc' dir='ltr'><strong>Ἑλληνικοῖς</strong></span> <span class='ocrx_word' id='word_1_216' title='bbox 2090 533 2417 607; x_wconf 80' lang='grc' dir='ltr'><strong>γράμμασι.1</strong></span> 
     </span>
    </p>
   </div>
   <div class='ocr_carea' id='block_1_56' title="bbox 1595 619 2785 698">
    <p class='ocr_par' dir='ltr' id='par_1_56' title="bbox 1595 619 2785 698">
     <span class='ocr_line' id='line_1_56' title="bbox 1595 619 2785 698; baseline -0.008 -14"><span class='ocrx_word' id='word_1_217' title='bbox 1595 629 1668 698; x_wconf 70' lang='grc' dir='ltr'><strong>ίδ.</strong></span> <span class='ocrx_word' id='word_1_218' title='bbox 2626 662 2627 667; x_wconf 30' lang='grc' dir='ltr'>γ</span> <span class='ocrx_word' id='word_1_219' title='bbox 2732 619 2785 675; x_wconf 73' lang='lat'><strong>5.</strong></span> 
     </span>
    </p>
   </div>
   <div class='ocr_carea' id='block_1_57' title="bbox 1618 849 2785 915">
    <p class='ocr_par' dir='ltr' id='par_1_57' title="bbox 1618 849 2785 915">
     <span class='ocr_line' id='line_1_57' title="bbox 1618 849 2785 915; baseline -0.008 -2"><span class='ocrx_word' id='word_1_220' title='bbox 1618 859 1675 915; x_wconf 92' lang='lat'><strong>6.</strong></span> <span class='ocrx_word' id='word_1_221' title='bbox 2732 849 2785 905; x_wconf 84' lang='lat'><strong>6.</strong></span> 
     </span>
    </p>
   </div>
   <div class='ocr_carea' id='block_1_58' title="bbox 1602 1075 3130 1161">
    <p class='ocr_par' dir='ltr' id='par_1_58' title="bbox 1602 1078 3130 1161">
     <span class='ocr_line' id='line_1_58' title="bbox 1602 1078 3130 1161; baseline 0 0"><span class='ocrx_word' id='word_1_222' title='bbox 1602 1090 1673 1161; x_wconf 75' lang='lat'><strong>.7.</strong></span> <span class='ocrx_word' id='word_1_223' title='bbox 2733 1082 2785 1161; x_wconf 79' lang='grc'><strong>⁷.-</strong></span> <span class='ocrx_word' id='word_1_224' title='bbox 2814 1080 2904 1161; x_wconf 61' lang='lat' dir='ltr'><strong>T62</strong></span> <span class='ocrx_word' id='word_1_225' title='bbox 2932 1078 3130 1161; x_wconf 67' lang='grc' dir='ltr'><strong>έξρυετξέ</strong></span> 
     </span>
    </p>
   </div>
   <div class='ocr_carea' id='block_1_59' title="bbox 2190 1075 3718 1161">
    <p class='ocr_par' dir='ltr' id='par_1_59' title="bbox 2733 1075 3718 1161">
     <span class='ocr_line' id='line_1_59' title="bbox 2733 1075 3718 1161; baseline -0.008 -26"><span class='ocrx_word' id='word_1_226' title='bbox 2733 1082 2785 1161; x_wconf 44' lang='grc'><strong>7..</strong></span> <span class='ocrx_word' id='word_1_227' title='bbox 2814 1080 2904 1161; x_wconf 39' lang='lat' dir='ltr'><strong>TE).</strong></span> <span class='ocrx_word' id='word_1_228' title='bbox 2932 1077 3291 1161; x_wconf 57' lang='grc' dir='ltr'><strong>ὲξρυςξάςογτι</strong></span> <span class='ocrx_word' id='word_1_229' title='bbox 3338 1077 3394 1130; x_wconf 79' lang='grc' dir='ltr'><strong>ἐν</strong></span> <span class='ocrx_word' id='word_1_230' title='bbox 3550 1075 3718 1128; x_wconf 67' lang='grc' dir='ltr'><strong>δυνα-</strong></span> 
     </span>
    </p>
   </div>
   <div class='ocr_carea' id='block_1_60' title="bbox 2667 1148 3346 1223">
    <p class='ocr_par' dir='ltr' id='par_1_60' title="bbox 2667 1148 3346 1223">
     <span class='ocr_line' id='line_1_60' title="bbox 2667 1148 3346 1223; baseline -0.003 -18"><span class='ocrx_word' id='word_1_231' title='bbox 2667 1152 2818 1223; x_wconf 67' lang='grc' dir='ltr'>στείᾳ</span> <span class='ocrx_word' id='word_1_232' title='bbox 2848 1148 3012 1204; x_wconf 65' lang='grc' dir='ltr'><strong>αὖτοῦ</strong></span> <span class='ocrx_word' id='word_1_233' title='bbox 3041 1149 3105 1202; x_wconf 84' lang='grc' dir='ltr'><strong>δι’</strong></span> <span class='ocrx_word' id='word_1_234' title='bbox 3134 1148 3346 1212; x_wconf 82' lang='grc' dir='ltr'><strong>αἰῶνος.</strong></span> 
     </span>
    </p>
   </div>
   <div class='ocr_carea' id='block_1_61' title="bbox 2735 1243 3211 1315">
    <p class='ocr_par' dir='ltr' id='par_1_61' title="bbox 2735 1243 3211 1315">
     <span class='ocr_line' id='line_1_61' title="bbox 2735 1243 3211 1315; baseline -0.011 -16"><span class='ocrx_word' id='word_1_235' title='bbox 2735 1246 2799 1299; x_wconf 79' lang='grc' dir='ltr'><strong>Οἱ</strong></span> <span class='ocrx_word' id='word_1_236' title='bbox 2836 1243 3211 1315; x_wconf 78' lang='grc' dir='ltr'><strong>ἀφιστάμενοι.</strong></span> 
     </span>
    </p>
   </div>
   <div class='ocr_carea' id='block_1_62' title="bbox 1616 1480 2786 1547">
    <p class='ocr_par' dir='ltr' id='par_1_62' title="bbox 1616 1480 2786 1547">
     <span class='ocr_line' id='line_1_62' title="bbox 1616 1480 2786 1547; baseline -0.011 -1"><span class='ocrx_word' id='word_1_237' title='bbox 1616 1490 1673 1547; x_wconf 89' lang='lat'><strong>8.</strong></span> <span class='ocrx_word' id='word_1_238' title='bbox 2733 1480 2786 1534; x_wconf 85' lang='lat'><strong>8.</strong></span> 
     </span>
    </p>
   </div>
   <div class='ocr_carea' id='block_1_63' title="bbox 1617 1643 2790 1706">
    <p class='ocr_par' dir='ltr' id='par_1_63' title="bbox 1617 1643 2790 1706">
     <span class='ocr_line' id='line_1_63' title="bbox 1617 1643 2790 1706; baseline -0.005 -2"><span class='ocrx_word' id='word_1_239' title='bbox 1617 1650 1669 1706; x_wconf 78' lang='lat'><strong>9.</strong></span> <span class='ocrx_word' id='word_1_240' title='bbox 2733 1643 2790 1699; x_wconf 86' lang='lat'><strong>9.</strong></span> 
     </span>
    </p>
   </div>
   <div class='ocr_carea' id='block_1_64' title="bbox 1630 2080 3721 2154">
    <p class='ocr_par' dir='ltr' id='par_1_64' title="bbox 1630 2080 3721 2154">
     <span class='ocr_line' id='line_1_64' title="bbox 1630 2080 3721 2154; baseline -0.005 -11"><span class='ocrx_word' id='word_1_241' title='bbox 1630 2091 1719 2145; x_wconf 85' lang='grc'><strong>11.</strong></span> <span class='ocrx_word' id='word_1_242' title='bbox 2737 2080 2824 2137; x_wconf 88' lang='grc'><strong>11.</strong></span> <span class='ocrx_word' id='word_1_243' title='bbox 2857 2083 3163 2154; x_wconf 77' lang='grc' dir='ltr'><strong>Εἰσήγαγες</strong></span> <span class='ocrx_word' id='word_1_244' title='bbox 3216 2084 3361 2154; x_wconf 73' lang='grc' dir='ltr'><strong>ἡμᾶς</strong></span> <span class='ocrx_word' id='word_1_245' title='bbox 3396 2084 3455 2135; x_wconf 75' lang='grc' dir='ltr'><strong>ὲν</strong></span> <span class='ocrx_word' id='word_1_246' title='bbox 3498 2080 3721 2152; x_wconf 77' lang='grc' dir='ltr'><strong>ὀχυρώ-</strong></span> 
     </span>
    </p>
   </div>
   <div class='ocr_carea' id='block_1_65' title="bbox 2670 2170 3726 2317">
    <p class='ocr_par' dir='ltr' id='par_1_65' title="bbox 2670 2170 3726 2317">
     <span class='ocr_line' id='line_1_65' title="bbox 2713 2171 2818 2207; baseline -0.029 0"><span class='ocrx_word' id='word_1_247' title='bbox 2713 2171 2818 2207; x_wconf 68' lang='lat' dir='ltr'><strong>an.</strong></span> 
     </span>
     <span class='ocr_line' id='line_1_66' title="bbox 2670 2170 3726 2317; baseline -0.004 -19"><span class='ocrx_word' id='word_1_248' title='bbox 2670 2170 2990 2317; x_wconf 23' lang='grc' dir='ltr'><strong>μ’ᾼΕθηκας</strong></span> <span class='ocrx_word' id='word_1_249' title='bbox 3043 2244 3271 2317; x_wconf 81' lang='grc' dir='ltr'><strong>τρισμὺν</strong></span> <span class='ocrx_word' id='word_1_250' title='bbox 3302 2244 3369 2315; x_wconf 64' lang='grc' dir='ltr'><strong>ξὲν</strong></span> <span class='ocrx_word' id='word_1_251' title='bbox 3428 2243 3509 2315; x_wconf 79' lang='grc' dir='ltr'><strong>τῷ</strong></span> <span class='ocrx_word' id='word_1_252' title='bbox 3561 2241 3726 2314; x_wconf 74' lang='grc' dir='ltr'><strong>νώτῳ</strong></span> 
     </span>
    </p>
   </div>
   <div class='ocr_carea' id='block_1_66' title="bbox 2667 2315 2861 2386">
    <p class='ocr_par' dir='ltr' id='par_1_66' title="bbox 2667 2315 2861 2386">
     <span class='ocr_line' id='line_1_67' title="bbox 2667 2315 2861 2386; baseline 0.062 -20"><span class='ocrx_word' id='word_1_253' title='bbox 2667 2315 2861 2386; x_wconf 68' lang='grc' dir='ltr'><strong>ἡμῶν.</strong></span> 
     </span>
    </p>
   </div>
   <div class='ocr_carea' id='block_1_67' title="bbox 1626 2407 2833 2468">
    <p class='ocr_par' dir='ltr' id='par_1_67' title="bbox 1626 2407 2833 2468">
     <span class='ocr_line' id='line_1_68' title="bbox 1626 2407 2833 2468; baseline -0.005 0"><span class='ocrx_word' id='word_1_254' title='bbox 1626 2414 1717 2468; x_wconf 78' lang='grc'><strong>12.</strong></span> <span class='ocrx_word' id='word_1_255' title='bbox 2732 2407 2833 2462; x_wconf 64' lang='lat' dir='ltr'><strong>J2.</strong></span> 
     </span>
    </p>
   </div>
   <div class='ocr_carea' id='block_1_68' title="bbox 1633 2634 2837 2700">
    <p class='ocr_par' dir='ltr' id='par_1_68' title="bbox 1633 2634 2837 2700">
     <span class='ocr_line' id='line_1_69' title="bbox 1633 2634 2837 2700; baseline -0.009 -1"><span class='ocrx_word' id='word_1_256' title='bbox 1633 2646 1722 2700; x_wconf 72' lang='grc'><strong>11.</strong></span> <span class='ocrx_word' id='word_1_257' title='bbox 2749 2634 2837 2689; x_wconf 73' lang='grc'><strong>14.</strong></span> 
     </span>
    </p>
   </div>
   <div class='ocr_carea' id='block_1_69' title="bbox 1635 2727 2842 2788">
    <p class='ocr_par' dir='ltr' id='par_1_69' title="bbox 1635 2727 2842 2788">
     <span class='ocr_line' id='line_1_70' title="bbox 1635 2727 2842 2788; baseline -0.005 0"><span class='ocrx_word' id='word_1_258' title='bbox 1635 2734 1719 2788; x_wconf 79' lang='grc'><strong>15.</strong></span> <span class='ocrx_word' id='word_1_259' title='bbox 2756 2727 2842 2782; x_wconf 79' lang='grc'><strong>15.</strong></span> 
     </span>
    </p>
   </div>
   <div class='ocr_carea' id='block_1_70' title="bbox 1759 2914 2397 2973">
    <p class='ocr_par' dir='ltr' id='par_1_70' title="bbox 1759 2914 2397 2973">
     <span class='ocr_line' id='line_1_71' title="bbox 1759 2914 2397 2973; baseline -0.003 0"><span class='ocrx_word' id='word_1_260' title='bbox 1759 2916 2083 2973; x_wconf 78' lang='lat' dir='ltr'><strong>VULGATA</strong></span> <span class='ocrx_word' id='word_1_261' title='bbox 2121 2914 2397 2971; x_wconf 80' lang='lat' dir='ltr'><strong>LATINA.</strong></span> 
     </span>
    </p>
   </div>
   <div class='ocr_carea' id='block_1_71' title="bbox 1640 3004 2812 3076">
    <p class='ocr_par' dir='ltr' id='par_1_71' title="bbox 1640 3004 2812 3076">
     <span class='ocr_line' id='line_1_72' title="bbox 1640 3004 2812 3076; baseline -0.009 -9"><span class='ocrx_word' id='word_1_262' title='bbox 1640 3013 1691 3067; x_wconf 83' lang='lat'><strong>5.</strong></span> <span class='ocrx_word' id='word_1_263' title='bbox 1725 3009 1916 3065; x_wconf 79' lang='lat' dir='ltr'><strong>Venite</strong></span> <span class='ocrx_word' id='word_1_264' title='bbox 1950 3019 2003 3064; x_wconf 90' lang='lat' dir='ltr'><strong>et</strong></span> <span class='ocrx_word' id='word_1_265' title='bbox 2045 3008 2223 3062; x_wconf 85' lang='lat' dir='ltr'><strong>videte</strong></span> <span class='ocrx_word' id='word_1_266' title='bbox 2272 3020 2435 3076; x_wconf 86' lang='lat' dir='ltr'><strong>opera</strong></span> <span class='ocrx_word' id='word_1_267' title='bbox 2476 3004 2608 3058; x_wconf 84' lang='lat' dir='ltr'><strong>Dei:</strong></span> <span class='ocrx_word' id='word_1_268' title='bbox 2759 3004 2812 3057; x_wconf 70' lang='grc' dir='ltr'><strong>ὃ.</strong></span> 
     </span>
    </p>
   </div>
   <div class='ocr_carea' id='block_1_72' title="bbox 1567 3076 2608 3149">
    <p class='ocr_par' dir='ltr' id='par_1_72' title="bbox 1567 3076 2608 3149">
     <span class='ocr_line' id='line_1_73' title="bbox 1567 3076 2608 3149; baseline -0.008 -12"><span class='ocrx_word' id='word_1_269' title='bbox 1567 3081 1824 3137; x_wconf 88' lang='lat' dir='ltr'><strong>terribilis</strong></span> <span class='ocrx_word' id='word_1_270' title='bbox 1872 3084 1927 3135; x_wconf 86' lang='lat' dir='ltr'><strong>in</strong></span> <span class='ocrx_word' id='word_1_271' title='bbox 1957 3080 2203 3135; x_wconf 88' lang='lat' dir='ltr'><strong>consiliis</strong></span> <span class='ocrx_word' id='word_1_272' title='bbox 2247 3092 2410 3149; x_wconf 86' lang='lat' dir='ltr'><strong>super</strong></span> <span class='ocrx_word' id='word_1_273' title='bbox 2464 3076 2608 3130; x_wconf 81' lang='lat' dir='ltr'><strong>ﬁlios</strong></span> 
     </span>
    </p>
   </div>
   <div class='ocr_carea' id='block_1_73' title="bbox 1567 3152 1870 3207">
    <p class='ocr_par' dir='ltr' id='par_1_73' title="bbox 1567 3152 1870 3207">
     <span class='ocr_line' id='line_1_74' title="bbox 1567 3152 1870 3207; baseline -0.013 0"><span class='ocrx_word' id='word_1_274' title='bbox 1567 3152 1870 3207; x_wconf 83' lang='lat' dir='ltr'><strong>hominum.</strong></span> 
     </span>
    </p>
   </div>
   <div class='ocr_carea' id='block_1_74' title="bbox 3064 2906 3345 2977">
    <p class='ocr_par' dir='ltr' id='par_1_74' title="bbox 3064 2906 3345 2977">
     <span class='ocr_line' id='line_1_75' title="bbox 3064 2906 3345 2977; baseline -0.004 -13"><span class='ocrx_word' id='word_1_275' title='bbox 3064 2906 3345 2977; x_wconf 79' lang='lat' dir='ltr'><strong>AQUILA.</strong></span> 
     </span>
    </p>
   </div>
   <div class='ocr_carea' id='block_1_75' title="bbox 1638 3377 2807 3450">
    <p class='ocr_par' dir='ltr' id='par_1_75' title="bbox 1638 3377 2807 3450">
     <span class='ocr_line' id='line_1_76' title="bbox 1638 3377 2807 3450; baseline -0.004 -12"><span class='ocrx_word' id='word_1_276' title='bbox 1638 3383 1692 3438; x_wconf 88' lang='lat'><strong>6.</strong></span> <span class='ocrx_word' id='word_1_277' title='bbox 1728 3383 1831 3450; x_wconf 92' lang='lat' dir='ltr'><strong>Qui</strong></span> <span class='ocrx_word' id='word_1_278' title='bbox 1884 3381 2149 3437; x_wconf 87' lang='lat' dir='ltr'><strong>convertit</strong></span> <span class='ocrx_word' id='word_1_279' title='bbox 2197 3394 2349 3434; x_wconf 89' lang='lat' dir='ltr'><strong>mare</strong></span> <span class='ocrx_word' id='word_1_280' title='bbox 2388 3379 2442 3432; x_wconf 93' lang='lat' dir='ltr'><strong>in</strong></span> <span class='ocrx_word' id='word_1_281' title='bbox 2479 3378 2610 3450; x_wconf 15' lang='lat' dir='ltr'><strong>rari-</strong></span> <span class='ocrx_word' id='word_1_282' title='bbox 2753 3377 2807 3434; x_wconf 89' lang='lat'><strong>6.</strong></span> 
     </span>
    </p>
   </div>
   <div class='ocr_carea' id='block_1_76' title="bbox 1568 3449 2612 3579">
    <p class='ocr_par' dir='ltr' id='par_1_76' title="bbox 1568 3449 2612 3579">
     <span class='ocr_line' id='line_1_77' title="bbox 1568 3449 2612 3579; baseline -0.006 -70"><span class='ocrx_word' id='word_1_283' title='bbox 1568 3454 1693 3579; x_wconf 61' lang='lat' dir='ltr'><strong>dagi</strong></span> <span class='ocrx_word' id='word_1_284' title='bbox 1722 3449 1766 3508; x_wconf 26' lang='grc' dir='ltr'><strong>εί</strong></span> <span class='ocrx_word' id='word_1_285' title='bbox 1801 3455 1857 3508; x_wconf 90' lang='lat' dir='ltr'><strong>in</strong></span> <span class='ocrx_word' id='word_1_286' title='bbox 1923 3452 2145 3507; x_wconf 84' lang='lat' dir='ltr'><strong>ﬂumine</strong></span> <span class='ocrx_word' id='word_1_287' title='bbox 2202 3449 2612 3521; x_wconf 81' lang='lat' dir='ltr'><strong>pertransibunt</strong></span> 
     </span>
     <span class='ocr_line' id='line_1_78' title="bbox 1568 3539 1725 3579; baseline -0.013 0"><span class='ocrx_word' id='word_1_288' title='bbox 1568 3540 1635 3579; x_wconf 84' lang='lat' dir='ltr'><strong>ne</strong></span> <span class='ocrx_word' id='word_1_289' title='bbox 1676 3539 1725 3579; x_wconf 92' lang='lat' dir='ltr'><strong>e.</strong></span> 
     </span>
    </p>
   </div>
   <div class='ocr_carea' id='block_1_77' title="bbox 1568 3540 1725 3594">
    <p class='ocr_par' dir='ltr' id='par_1_77' title="bbox 1568 3540 1725 3594">
     <span class='ocr_line' id='line_1_79' title="bbox 1568 3540 1725 3594; baseline -0.019 -14"><span class='ocrx_word' id='word_1_290' title='bbox 1568 3540 1725 3594; x_wconf 79' lang='lat' dir='ltr'><strong>pede.</strong></span> 
     </span>
    </p>
   </div>
   <div class='ocr_carea' id='block_1_78' title="bbox 1641 3682 2608 3752">
    <p class='ocr_par' dir='ltr' id='par_1_78' title="bbox 1641 3682 2608 3752">
     <span class='ocr_line' id='line_1_80' title="bbox 1641 3682 2608 3752; baseline -0.004 -12"><span class='ocrx_word' id='word_1_291' title='bbox 1641 3686 1693 3740; x_wconf 91' lang='lat'><strong>7.</strong></span> <span class='ocrx_word' id='word_1_292' title='bbox 1730 3686 1834 3752; x_wconf 88' lang='lat' dir='ltr'><strong>Qui</strong></span> <span class='ocrx_word' id='word_1_293' title='bbox 1859 3684 2167 3739; x_wconf 83' lang='lat' dir='ltr'><strong>dominatur</strong></span> <span class='ocrx_word' id='word_1_294' title='bbox 2197 3682 2252 3738; x_wconf 93' lang='lat' dir='ltr'><strong>in</strong></span> <span class='ocrx_word' id='word_1_295' title='bbox 2288 3683 2485 3737; x_wconf 90' lang='lat' dir='ltr'><strong>virtute</strong></span> <span class='ocrx_word' id='word_1_296' title='bbox 2508 3697 2608 3738; x_wconf 91' lang='lat' dir='ltr'><strong>sua</strong></span> 
     </span>
    </p>
   </div>
   <div class='ocr_carea' id='block_1_79' title="bbox 1570 3682 3729 3768">
    <p class='ocr_par' dir='ltr' id='par_1_79' title="bbox 1570 3682 3729 3768">
     <span class='ocr_line' id='line_1_81' title="bbox 1570 3682 3729 3768; baseline -0.003 -28"><span class='ocrx_word' id='word_1_297' title='bbox 1570 3759 1581 3768; x_wconf 86' lang='lat'>_</span> <span class='ocrx_word' id='word_1_298' title='bbox 1641 3686 1708 3768; x_wconf 56' lang='lat'><strong>7.</strong></span> <span class='ocrx_word' id='word_1_299' title='bbox 1730 3686 1834 3752; x_wconf 88' lang='lat' dir='ltr'><strong>Qui</strong></span> <span class='ocrx_word' id='word_1_300' title='bbox 1859 3684 2167 3739; x_wconf 83' lang='lat' dir='ltr'><strong>dominatur</strong></span> <span class='ocrx_word' id='word_1_301' title='bbox 2197 3682 2252 3738; x_wconf 94' lang='lat' dir='ltr'><strong>in</strong></span> <span class='ocrx_word' id='word_1_302' title='bbox 2288 3683 2485 3737; x_wconf 90' lang='lat' dir='ltr'><strong>virtute</strong></span> <span class='ocrx_word' id='word_1_303' title='bbox 2508 3697 2608 3738; x_wconf 90' lang='lat' dir='ltr'><strong>sua</strong></span> <span class='ocrx_word' id='word_1_304' title='bbox 2756 3686 2807 3741; x_wconf 88' lang='lat'><strong>7.</strong></span> <span class='ocrx_word' id='word_1_305' title='bbox 2851 3684 3161 3768; x_wconf 80' lang='lat' dir='ltr'><strong>Dominanti</strong></span> <span class='ocrx_word' id='word_1_306' title='bbox 3203 3684 3261 3740; x_wconf 87' lang='lat' dir='ltr'><strong>in</strong></span> <span class='ocrx_word' id='word_1_307' title='bbox 3290 3682 3557 3755; x_wconf 76' lang='lat' dir='ltr'><strong>lpotentia</strong></span> <span class='ocrx_word' id='word_1_308' title='bbox 3634 3696 3729 3735; x_wconf 81' lang='lat' dir='ltr'><strong>sua</strong></span> 
     </span>
    </p>
   </div>
   <div class='ocr_carea' id='block_1_80' title="bbox 1568 3766 1927 3812">
    <p class='ocr_par' dir='ltr' id='par_1_80' title="bbox 1568 3766 1927 3812">
     <span class='ocr_line' id='line_1_82' title="bbox 1568 3766 1927 3812; baseline 0.003 -1"><span class='ocrx_word' id='word_1_309' title='bbox 1568 3766 1621 3812; x_wconf 87' lang='lat' dir='ltr'><strong>in</strong></span> <span class='ocrx_word' id='word_1_310' title='bbox 1647 3766 1927 3812; x_wconf 62' lang='lat' dir='ltr'><strong>internum.</strong></span> 
     </span>
    </p>
   </div>
   <div class='ocr_carea' id='block_1_81' title="bbox 2682 3757 3081 3828">
    <p class='ocr_par' dir='ltr' id='par_1_81' title="bbox 2682 3757 3081 3828">
     <span class='ocr_line' id='line_1_83' title="bbox 2682 3757 3081 3828; baseline -0.013 -15"><span class='ocrx_word' id='word_1_311' title='bbox 2682 3773 2777 3828; x_wconf 88' lang='lat' dir='ltr'><strong>per</strong></span> <span class='ocrx_word' id='word_1_312' title='bbox 2802 3757 3081 3813; x_wconf 66' lang='lat' dir='ltr'><strong>saaculum.</strong></span> 
     </span>
    </p>
   </div>
   <div class='ocr_carea' id='block_1_82' title="bbox 1640 3914 2611 3988">
    <p class='ocr_par' dir='ltr' id='par_1_82' title="bbox 1640 3914 2611 3988">
     <span class='ocr_line' id='line_1_84' title="bbox 1640 3914 2611 3988; baseline -0.004 -16"><span class='ocrx_word' id='word_1_313' title='bbox 1640 3917 1792 3972; x_wconf 90' lang='lat' dir='ltr'><strong>Oculi</strong></span> <span class='ocrx_word' id='word_1_314' title='bbox 1838 3918 1955 3987; x_wconf 82' lang='lat' dir='ltr'><strong>ejus</strong></span> <span class='ocrx_word' id='word_1_315' title='bbox 2004 3932 2168 3986; x_wconf 88' lang='lat' dir='ltr'><strong>super</strong></span> <span class='ocrx_word' id='word_1_316' title='bbox 2210 3925 2396 3988; x_wconf 76' lang='lat' dir='ltr'><strong>gentes</strong></span> <span class='ocrx_word' id='word_1_317' title='bbox 2435 3914 2611 3988; x_wconf 86' lang='lat' dir='ltr'><strong>respi-</strong></span> 
     </span>
    </p>
   </div>
   <div class='ocr_carea' id='block_1_83' title="bbox 1570 3986 2612 4069">
    <p class='ocr_par' dir='ltr' id='par_1_83' title="bbox 1570 3986 2612 4069">
     <span class='ocr_line' id='line_1_85' title="bbox 1570 3986 2612 4069; baseline -0.004 -27"><span class='ocrx_word' id='word_1_318' title='bbox 1570 3991 1740 4052; x_wconf 88' lang='lat' dir='ltr'><strong>ciunt,</strong></span> <span class='ocrx_word' id='word_1_319' title='bbox 1780 3986 1887 4069; x_wconf 80' lang='lat' dir='ltr'><strong>_qui</strong></span> <span class='ocrx_word' id='word_1_320' title='bbox 1927 3986 2255 4068; x_wconf 75' lang='lat' dir='ltr'><strong>exasperant</strong></span> <span class='ocrx_word' id='word_1_321' title='bbox 2304 4002 2416 4043; x_wconf 81' lang='lat' dir='ltr'><strong>non</strong></span> <span class='ocrx_word' id='word_1_322' title='bbox 2461 3986 2612 4041; x_wconf 79' lang='lat' dir='ltr'><strong>exal-</strong></span> 
     </span>
    </p>
   </div>
   <div class='ocr_carea' id='block_1_84' title="bbox 1574 4068 2188 4126">
    <p class='ocr_par' dir='ltr' id='par_1_84' title="bbox 1574 4068 2188 4126">
     <span class='ocr_line' id='line_1_86' title="bbox 1574 4068 2188 4126; baseline -0.003 -12"><span class='ocrx_word' id='word_1_323' title='bbox 1574 4069 1754 4114; x_wconf 86' lang='lat' dir='ltr'><strong>tentur</strong></span> <span class='ocrx_word' id='word_1_324' title='bbox 1776 4076 1831 4113; x_wconf 82' lang='lat' dir='ltr'><strong>in</strong></span> <span class='ocrx_word' id='word_1_325' title='bbox 1862 4068 2188 4126; x_wconf 68' lang='lat' dir='ltr'><strong>semetipsus.</strong></span> 
     </span>
    </p>
   </div>
   <div class='ocr_carea' id='block_1_85' title="bbox 2755 3915 3206 3985">
    <p class='ocr_par' dir='ltr' id='par_1_85' title="bbox 2755 3915 3206 3985">
     <span class='ocr_line' id='line_1_87' title="bbox 2755 3915 3206 3985; baseline -0.011 -11"><span class='ocrx_word' id='word_1_326' title='bbox 2755 3918 2861 3985; x_wconf 94' lang='lat' dir='ltr'><strong>Qui</strong></span> <span class='ocrx_word' id='word_1_327' title='bbox 2887 3915 3206 3972; x_wconf 86' lang='lat' dir='ltr'><strong>abscedunt.</strong></span> 
     </span>
    </p>
   </div>
   <div class='ocr_carea' id='block_1_86' title="bbox 1643 4288 2814 4351">
    <p class='ocr_par' dir='ltr' id='par_1_86' title="bbox 1643 4288 2814 4351">
     <span class='ocr_line' id='line_1_88' title="bbox 1643 4288 2814 4351; baseline 0.006 -6"><span class='ocrx_word' id='word_1_328' title='bbox 1643 4291 1698 4346; x_wconf 88' lang='lat'><strong>8.</strong></span> <span class='ocrx_word' id='word_1_329' title='bbox 1732 4289 1797 4344; x_wconf 86' lang='lat' dir='ltr'><strong>Et</strong></span> <span class='ocrx_word' id='word_1_330' title='bbox 1820 4291 2060 4344; x_wconf 90' lang='lat' dir='ltr'><strong>auditam</strong></span> <span class='ocrx_word' id='word_1_331' title='bbox 2090 4288 2250 4344; x_wconf 80' lang='lat' dir='ltr'><strong>facite</strong></span> <span class='ocrx_word' id='word_1_332' title='bbox 2276 4305 2464 4344; x_wconf 86' lang='lat' dir='ltr'><strong>vocem</strong></span> <span class='ocrx_word' id='word_1_333' title='bbox 2495 4289 2617 4344; x_wconf 87' lang='lat' dir='ltr'><strong>lau—</strong></span> <span class='ocrx_word' id='word_1_334' title='bbox 2760 4295 2814 4351; x_wconf 89' lang='lat'><strong>8.</strong></span> 
     </span>
    </p>
   </div>
   <div class='ocr_carea' id='block_1_87' title="bbox 1573 4362 1819 4430">
    <p class='ocr_par' dir='ltr' id='par_1_87' title="bbox 1573 4362 1819 4430">
     <span class='ocr_line' id='line_1_89' title="bbox 1573 4362 1819 4430; baseline -0.016 -13"><span class='ocrx_word' id='word_1_335' title='bbox 1573 4362 1657 4417; x_wconf 90' lang='lat' dir='ltr'><strong>dis</strong></span> <span class='ocrx_word' id='word_1_336' title='bbox 1683 4362 1819 4430; x_wconf 91' lang='lat' dir='ltr'><strong>ejus.</strong></span> 
     </span>
    </p>
   </div>
   <div class='ocr_carea' id='block_1_88' title="bbox 1644 4452 2814 4524">
    <p class='ocr_par' dir='ltr' id='par_1_88' title="bbox 1644 4452 2814 4524">
     <span class='ocr_line' id='line_1_90' title="bbox 1644 4452 2814 4524; baseline -0.004 -14"><span class='ocrx_word' id='word_1_337' title='bbox 1644 4458 1695 4512; x_wconf 89' lang='lat'><strong>9.</strong></span> <span class='ocrx_word' id='word_1_338' title='bbox 1727 4456 1831 4523; x_wconf 86' lang='lat' dir='ltr'><strong>Qui</strong></span> <span class='ocrx_word' id='word_1_339' title='bbox 1861 4456 2041 4524; x_wconf 85' lang='lat' dir='ltr'><strong>posuit</strong></span> <span class='ocrx_word' id='word_1_340' title='bbox 2070 4454 2306 4509; x_wconf 89' lang='lat' dir='ltr'><strong>animam</strong></span> <span class='ocrx_word' id='word_1_341' title='bbox 2346 4468 2520 4507; x_wconf 90' lang='lat' dir='ltr'><strong>meam</strong></span> <span class='ocrx_word' id='word_1_342' title='bbox 2550 4452 2616 4506; x_wconf 91' lang='lat' dir='ltr'><strong>ad</strong></span> <span class='ocrx_word' id='word_1_343' title='bbox 2761 4459 2814 4516; x_wconf 86' lang='grc'><strong>9,</strong></span> 
     </span>
    </p>
   </div>
   <div class='ocr_carea' id='block_1_89' title="bbox 1576 4524 2620 4589">
    <p class='ocr_par' dir='ltr' id='par_1_89' title="bbox 1576 4524 2620 4589">
     <span class='ocr_line' id='line_1_91' title="bbox 1576 4524 2620 4589; baseline -0.001 -10"><span class='ocrx_word' id='word_1_344' title='bbox 1576 4530 1765 4589; x_wconf 84' lang='lat' dir='ltr'><strong>vitam,</strong></span> <span class='ocrx_word' id='word_1_345' title='bbox 1796 4536 1850 4581; x_wconf 89' lang='lat' dir='ltr'><strong>et</strong></span> <span class='ocrx_word' id='word_1_346' title='bbox 1896 4542 2005 4579; x_wconf 90' lang='lat' dir='ltr'><strong>non</strong></span> <span class='ocrx_word' id='word_1_347' title='bbox 2039 4527 2185 4581; x_wconf 91' lang='lat' dir='ltr'><strong>dedit</strong></span> <span class='ocrx_word' id='word_1_348' title='bbox 2215 4528 2269 4580; x_wconf 89' lang='lat' dir='ltr'><strong>in</strong></span> <span class='ocrx_word' id='word_1_349' title='bbox 2297 4524 2620 4580; x_wconf 85' lang='lat' dir='ltr'><strong>commotio-</strong></span> 
     </span>
    </p>
   </div>
   <div class='ocr_carea' id='block_1_90' title="bbox 1580 4597 2087 4667">
    <p class='ocr_par' dir='ltr' id='par_1_90' title="bbox 1580 4597 2087 4667">
     <span class='ocr_line' id='line_1_92' title="bbox 1580 4597 2087 4667; baseline -0.006 -15"><span class='ocrx_word' id='word_1_350' title='bbox 1580 4614 1702 4652; x_wconf 89' lang='lat' dir='ltr'><strong>nem</strong></span> <span class='ocrx_word' id='word_1_351' title='bbox 1732 4597 1895 4667; x_wconf 84' lang='lat' dir='ltr'><strong>pedes</strong></span> <span class='ocrx_word' id='word_1_352' title='bbox 1920 4611 2087 4651; x_wconf 89' lang='lat' dir='ltr'><strong>meos.</strong></span> 
     </span>
    </p>
   </div>
   <div class='ocr_carea' id='block_1_91' title="bbox 2766 4892 3733 4956">
    <p class='ocr_par' dir='ltr' id='par_1_91' title="bbox 2766 4892 3733 4956">
     <span class='ocr_line' id='line_1_93' title="bbox 2766 4892 3733 4956; baseline -0.012 0"><span class='ocrx_word' id='word_1_353' title='bbox 2766 4903 2853 4956; x_wconf 89' lang='grc'><strong>11.</strong></span> <span class='ocrx_word' id='word_1_354' title='bbox 2909 4898 3265 4955; x_wconf 79' lang='lat' dir='ltr'><strong>lntroduxisti</strong></span> <span class='ocrx_word' id='word_1_355' title='bbox 3307 4909 3412 4951; x_wconf 87' lang='lat' dir='ltr'><strong>nos</strong></span> <span class='ocrx_word' id='word_1_356' title='bbox 3454 4894 3511 4947; x_wconf 92' lang='lat' dir='ltr'><strong>in</strong></span> <span class='ocrx_word' id='word_1_357' title='bbox 3566 4892 3733 4946; x_wconf 82' lang='lat' dir='ltr'><strong>muni-</strong></span> 
     </span>
    </p>
   </div>
   <div class='ocr_carea' id='block_1_92' title="bbox 2694 4983 2958 5027">
    <p class='ocr_par' dir='ltr' id='par_1_92' title="bbox 2694 4983 2958 5027">
     <span class='ocr_line' id='line_1_94' title="bbox 2694 4983 2958 5027; baseline 0 -1"><span class='ocrx_word' id='word_1_358' title='bbox 2694 4983 2958 5027; x_wconf 72' lang='lat' dir='ltr'><strong>mentum.</strong></span> 
     </span>
    </p>
   </div>
   <div class='ocr_carea' id='block_1_93' title="bbox 1653 4898 2549 4967">
    <p class='ocr_par' dir='ltr' id='par_1_93' title="bbox 1653 4898 2549 4967">
     <span class='ocr_line' id='line_1_95' title="bbox 1653 4898 2549 4967; baseline -0.004 -14"><span class='ocrx_word' id='word_1_359' title='bbox 1653 4899 1735 4953; x_wconf 89' lang='grc'><strong>11.</strong></span> <span class='ocrx_word' id='word_1_360' title='bbox 1763 4898 2027 4954; x_wconf 69' lang='lat' dir='ltr'><strong>lnduxisti</strong></span> <span class='ocrx_word' id='word_1_361' title='bbox 2060 4912 2160 4951; x_wconf 90' lang='lat' dir='ltr'><strong>nos</strong></span> <span class='ocrx_word' id='word_1_362' title='bbox 2186 4898 2240 4951; x_wconf 92' lang='lat' dir='ltr'><strong>in</strong></span> <span class='ocrx_word' id='word_1_363' title='bbox 2274 4898 2549 4967; x_wconf 88' lang='lat' dir='ltr'><strong>laqueum.</strong></span> 
     </span>
    </p>
   </div>
   <div class='ocr_carea' id='block_1_94' title="bbox 1654 5126 3732 5190">
    <p class='ocr_par' dir='ltr' id='par_1_94' title="bbox 1654 5126 3732 5190">
     <span class='ocr_line' id='line_1_96' title="bbox 1654 5126 3732 5190; baseline -0.005 -3"><span class='ocrx_word' id='word_1_364' title='bbox 1654 5134 1890 5190; x_wconf 84' lang='lat' dir='ltr'><strong>Posuisti</strong></span> <span class='ocrx_word' id='word_1_365' title='bbox 1929 5134 2307 5188; x_wconf 89' lang='lat' dir='ltr'><strong>tribulationes</strong></span> <span class='ocrx_word' id='word_1_366' title='bbox 2358 5133 2415 5187; x_wconf 93' lang='lat' dir='ltr'><strong>in</strong></span> <span class='ocrx_word' id='word_1_367' title='bbox 2459 5133 2627 5187; x_wconf 88' lang='lat' dir='ltr'><strong>dorso</strong></span> <span class='ocrx_word' id='word_1_368' title='bbox 2766 5131 3002 5187; x_wconf 92' lang='lat' dir='ltr'><strong>Posuisti</strong></span> <span class='ocrx_word' id='word_1_369' title='bbox 3033 5131 3318 5185; x_wconf 86' lang='lat' dir='ltr'><strong>stridorem</strong></span> <span class='ocrx_word' id='word_1_370' title='bbox 3356 5126 3411 5180; x_wconf 91' lang='lat' dir='ltr'><strong>in</strong></span> <span class='ocrx_word' id='word_1_371' title='bbox 3444 5126 3614 5181; x_wconf 85' lang='lat' dir='ltr'><strong>dorso</strong></span> <span class='ocrx_word' id='word_1_372' title='bbox 3641 5136 3732 5177; x_wconf 91' lang='lat' dir='ltr'><strong>no-</strong></span> 
     </span>
    </p>
   </div>
   <div class='ocr_carea' id='block_1_95' title="bbox 1584 5213 2830 5261">
    <p class='ocr_par' dir='ltr' id='par_1_95' title="bbox 1584 5213 2830 5261">
     <span class='ocr_line' id='line_1_97' title="bbox 1584 5213 2830 5261; baseline -0.002 -1"><span class='ocrx_word' id='word_1_373' title='bbox 1584 5215 1790 5261; x_wconf 75' lang='lat' dir='ltr'><strong>DOSU&#39;O.</strong></span> <span class='ocrx_word' id='word_1_374' title='bbox 2696 5213 2830 5259; x_wconf 76' lang='lat' dir='ltr'><strong>Sll‘O.</strong></span> 
     </span>
    </p>
   </div>
   <div class='ocr_carea' id='block_1_96' title="bbox 1660 5368 2862 5442">
    <p class='ocr_par' dir='ltr' id='par_1_96' title="bbox 1660 5368 2862 5442">
     <span class='ocr_line' id='line_1_98' title="bbox 1660 5368 2862 5442; baseline -0.005 -15"><span class='ocrx_word' id='word_1_375' title='bbox 1660 5373 1746 5427; x_wconf 75' lang='grc'><strong>12.</strong></span> <span class='ocrx_word' id='word_1_376' title='bbox 1781 5372 1837 5426; x_wconf 91' lang='lat' dir='ltr'><strong>In</strong></span> <span class='ocrx_word' id='word_1_377' title='bbox 1865 5371 2227 5442; x_wconf 77' lang='lat' dir='ltr'><strong>refrigerium.</strong></span> <span class='ocrx_word' id='word_1_378' title='bbox 2771 5368 2862 5422; x_wconf 67' lang='grc' dir='ltr'><strong>η.</strong></span> 
     </span>
    </p>
   </div>
   <div class='ocr_carea' id='block_1_97' title="bbox 1661 5531 2858 5604">
    <p class='ocr_par' dir='ltr' id='par_1_97' title="bbox 1661 5531 2858 5604">
     <span class='ocr_line' id='line_1_99' title="bbox 1661 5531 2858 5604; baseline -0.007 -14"><span class='ocrx_word' id='word_1_379' title='bbox 1661 5539 1747 5592; x_wconf 72' lang='grc'><strong>11.</strong></span> <span class='ocrx_word' id='word_1_380' title='bbox 1774 5538 1905 5604; x_wconf 82' lang='lat' dir='ltr'><strong>Quae</strong></span> <span class='ocrx_word' id='word_1_381' title='bbox 1924 5538 2290 5593; x_wconf 83' lang='lat' dir='ltr'><strong>distinxerunt</strong></span> <span class='ocrx_word' id='word_1_382' title='bbox 2318 5536 2462 5592; x_wconf 86' lang='lat' dir='ltr'><strong>labia</strong></span> <span class='ocrx_word' id='word_1_383' title='bbox 2486 5550 2626 5590; x_wconf 87' lang='lat' dir='ltr'><strong>mea.</strong></span> <span class='ocrx_word' id='word_1_384' title='bbox 2773 5531 2858 5583; x_wconf 62' lang='grc'><strong>14.</strong></span> 
     </span>
    </p>
   </div>
   <div class='ocr_carea' id='block_1_98' title="bbox 1667 5760 2863 5826">
    <p class='ocr_par' dir='ltr' id='par_1_98' title="bbox 1667 5760 2863 5826">
     <span class='ocr_line' id='line_1_100' title="bbox 1667 5760 2863 5826; baseline -0.01 0"><span class='ocrx_word' id='word_1_385' title='bbox 1667 5772 1753 5826; x_wconf 82' lang='grc'><strong>15.</strong></span> <span class='ocrx_word' id='word_1_386' title='bbox 1786 5770 2048 5825; x_wconf 85' lang='lat' dir='ltr'><strong>Arietum.</strong></span> <span class='ocrx_word' id='word_1_387' title='bbox 2777 5760 2863 5815; x_wconf 79' lang='grc'><strong>15.</strong></span> 
     </span>
    </p>
   </div>
  </div>
