3870 6216
137 227 257 283 9'55

474 341 877 395 ΣΥΜΜΛΧΟΣ.

222 479 591 550 15.ίΒασιλεῖς
612 479 721 532 τῶν
760 480 1104 549 στρατιωτῶν
1136 481 1199 550 ﬁ-

140 549 501 621 γαπήοησαν,
531 550 803 620 ἀγαπητοὶ
834 551 1095 617 ἐγένοντο.

221 643 336 696 Καὶ
367 644 399 713 ή
436 641 615 694 δίαιτα
641 640 735 693 τοῦ
770 640 918 693 οἴκου
952 640 1195 710 διανέμει

140 712 388 782 λάφυρα.

220 806 311 858 14.
349 803 475 856 Ἐὰν
503 801 812 873 ἀναπέσητε
842 800 1044 873 μεταξὺ
1090 802 1198 857 τῶν

139 875 251 946 κλή
261 891 387 945 ρων.

219 965 337 1018 Καὶ
371 963 439 1016 τὰ
467 963 603 1033 μέλη
634 963 827 1034 αὐτῆς.

218 1055 311 1118 15,
365 1053 451 1108 16.
524 1054 715 1107 Ὁπότε
768 1050 1127 1122 κατεμέριζεν
1154 1050 1199 1101 ’ὁ

147 1125 369 1187 Ἱκανὸς
386 1122 686 1192 βασιλεύειν
714 1124 901 1192 αὐτὴν,
925 1122 1000 1182 ὡς
1032 1138 1197 1192 χιονι-

142 1195 346 1248 σθεῖσα
387 1191 453 1265 ἦν
482 1193 699 1265 Σελμὼν
720 1191 851 1265 Ῠὸρος
874 1192 1032 1252 Θεοῦ.
1073 1191 1199 1265 δρος

138 1261 466 1336 εὐτροφίας,
506 1261 630 1335 ὅρος
671 1261 1023 1333 ὑψηλότατον,
1073 1261 1198 1331 ὅρος

137 1335 458 1406 εὐτροφίας.

224 1426 313 1478 17.
351 1426 446 1487 Εἰς
492 1424 547 1477 τί
602 1422 1064 1493 περισπουδάζετε
1116 1422 1196 1493 τὰ

137 1494 249 1566 ὅρη
273 1495 345 1566 τά
372 1491 811 1566 ῦψηλάῖτὸήὸρος
839 1494 976 1565 ὅπερ
1004 1491 1197 1566 ὲπρθῃ-

140 1563 247 1617 σεν
265 1567 294 1617 6
319 1563 447 1628 Θεὸς
465 1563 543 1627 είς
560 1564 621 1617 τὸ
644 1563 915 1617 κατοικεῖν
947 1563 1003 1616 ἐν
1027 1563 1193 1632 αὐτῷ,

138 1636 244 1688 καὶ
260 1635 466 1705 Κύριος
483 1633 896 1702 κατασκηνώσει
922 1634 1002 1695 εἰς
1022 1632 1191 1695 τέλος.

222 1728 312 1781 18.
352 1728 578 1796 Ὂχησις
607 1725 701 1778 τοῦ
727 1724 861 1777 Θεοῦ
897 1722 1193 1795 μυριάδων,

136 1797 387 1867 χιλιάδες
412 1795 705 1866 ἠχούντων.

219 1888 328 1969 19..
346 1887 465 1939 Ἔτι
490 1887 583 1941 καὶ
618 1889 675 1941 ὲν
706 1884 991 1940 ἀπειθοῦσι
1022 1901 1191 1938 κατα-

138 1974 449 2027 σκηνωσαι.

214 2048 311 2102 20.
339 2046 444 2100 Τοῦ
480 2047 722 2117 σωτῆρος
752 2045 931 2117 ἡμῶν.

214 2140 307 2192 21.
346 2141 401 2191 Ὁ
430 2139 561 2209 Θεδς
593 2140 723 2209 ἡμῖν
756 2137 891 2209 Θεὸς
915 2139 994 2200 εἰς
1028 2153 1195 2209 σωτη-

137 2210 294 2281 ρίαν,
326 2211 421 2281 καὶ
452 2208 541 2261 τοῦ
800 2208 894 2260 τοῦ
917 2206 1189 2260 Δεσπότου

135 2278 200 2332 αί
232 2283 314 2344 είς
348 2279 575 2333 Θάνατον
610 2278 797 2344 ἔξοδοι.

432 2369 810 2425 SYMMACHU
823 2367 878 2424 S.

216 2694 307 2749 15.
344 2692 518 2765 Reges
546 2692 784 2748 militum
815 2691 999 2749 dilecti
1042 2699 1189 2757 sunt,

132 2764 332 2820 dilecti
373 2764 611 2820 fuerunt.

216 2992 285 3049 Et
322 2994 535 3049 vivendi
580 2994 950 3065 ratiojdomus
1003 2995 1189 3051 distri-

130 3063 265 3120 buit
301 3065 493 3134 spolia.

218 3224 306 3278 M.
340 3222 399 3278 Si
423 3223 729 3280 recideritis
765 3224 906 3281 inter
944 3232 1142 3282 sortes.

214 3453 283 3509 Et
304 3455 544 3510 membra
580 3455 720 3525 ejus.

212 3616 307 3680 15,
335 3616 425 3671 16.
458 3615 686 3682 Quando
726 3615 1005 3671 distribuit
1054 3616 1185 3670 0m-

130 3685 398 3755 nipotens
461 3701 688 3756 regnare
750 3686 959 3755 ipsam,
1028 3687 1187 3755 quasi

132 3758 270 3811 nive
309 3755 555 3811 dealbata
612 3762 729 3810 erat
769 3755 988 3809 Selnion
1028 3771 1187 3811 mons

131 3827 259 3891 Dei,
310 3842 469 3882 mons
502 3826 631 3880 boni
678 3826 922 3879 alimenti
968 3845 981 3880 :
1028 3842 1186 3881 mons

130 3896 505 3962 celsissimus,
544 3911 704 3951 mons
736 3893 866 3950 boni
893 3896 1158 3951 alimenti.

224 4262 310 4317 17.
340 4263 421 4318 Ad
456 4264 584 4331 quid
613 4264 903 4319 solicitudo
928 4265 1079 4319 vobis
1105 4273 1189 4321 est

133 4334 292 4404 circa
317 4336 824 4404 montesexcclsos?
842 4350 1005 4404 Amons
1026 4352 1187 4404 quem

129 4403 469 4459 desideravit
528 4403 671 4458 Deus
716 4406 787 4459 ad
837 4400 1187 4459 habitandum

129 4476 195 4527 in
226 4488 317 4539 eo,
343 4483 398 4529 et
441 4474 705 4530 Dominus
742 4475 1008 4530 habitabit
1039 4476 1094 4529 in
1125 4475 1190 4529 li-

129 4558 291 4599 nem.

214 4843 301 4897 18.
327 4844 540 4926 _(_lurrus
563 4845 658 4903 Dei
679 4848 985 4920 myriadum
1013 4849 1184 4905 millia

130 4922 479 4970 sonantium.

208 5146 300 5201 19.
322 5144 557 5223 insuper
581 5157 636 5203 et
660 5149 721 5223 _in
771 5150 1181 5223 inobsequenti-

125 5217 241 5273 bus
270 5217 336 5273 ad
362 5218 793 5275 inbabitandum.

202 5377 296 5434 20.
326 5377 627 5439 salvatoris
656 5383 851 5438 nostri.

200 5538 262 5610 2]
278 5578 292 5591 .
316 5538 458 5596 Deus
478 5539 635 5597 nobis
665 5540 809 5598 Deus
831 5543 899 5598 ad
925 5542 1174 5610 salutem,

1520 229 1747 285 PSALM
1756 230 1842 286 US
1876 231 2085 288 LXVII.

1758 345 1834 398 0'.

1342 480 1431 556 3'5.
1471 480 1530 533 '0
1582 481 1833 556 βασιλεὺς
1868 483 1987 556 τῶν
2037 485 2319 556 δυνάμεων

1268 550 1362 603 τοῦ
1394 550 1700 620 ἀγαπητοῦ,
1736 552 1828 605 τοῦ
1855 554 2161 625 ἀγαπητοῦ.

1340 641 1451 763 glori.
1467 641 1761 713 ὼραιότητι
1775 642 1869 696 τοῦ
1886 644 2033 698 οἴκου
2051 645 2317 700 διελέσθαι

1273 727 1374 764 σκυ
1408 729 1464 765 α.

1342 800 1607 877 ΜικξΕάν
1667 802 1968 875 κοιμηθῆτε
2042 805 2316 877 ἀναμέσον

1269 869 1378 924 τῶν
1406 870 1643 943 κλήρων.

1340 962 1448 1013 Καὶ⁵
1475 963 1543 1014 τὰ
1571 962 1886 1034 μετάφρενα
1914 965 2103 1035 αὐτῆς.

1341 1051 1537 1123 15,16.
1600 1052 1687 1123 Ἐν
1740 1053 1816 1123 τῷ
1854 1054 2185 1108 διαστέλλειν
2225 1054 2318 1108 τὸν

1270 1120 1591 1194 ἐπουράνιον
1623 1120 1855 1194 βασιλεῖς
1886 1126 1973 1176 ἐπ’
2007 1125 2174 1193 αὐτῆς
2208 1142 2317 1194 χιο-

1269 1190 1685 1263 νωθῄσονταιέν
1737 1192 1991 1263 Σελμών·
2051 1190 2315 1263 ὅροςίτοῦ

1269 1260 1403 1335 Θεοῦ
1428 1261 1551 1335 ὄρος
1581 1265 1722 1327 πῖον,
1744 1260 1868 1333 ὅρος
1917 1260 2315 1335 τετυρωμένον,

1267 1329 1393 1401 ὅρος
1431 1329 1572 1383 πῖον.

1338 1420 1424 1473 17.
1469 1421 1631 1509 Σινατί
1659 1422 2067 1509 ῦπολαμξάνετε
2100 1423 2201 1494 ὅρη
2224 1441 2316 1509 τετ

1264 1490 1589 1561 τυρωμένα;
1646 1491 1707 1544 τὸ
1740 1490 1865 1561 ὅρος
1896 1490 2239 1573 ὂηεὺδόκησεν
2288 1496 2317 1547 6

1266 1560 1399 1632 Θεὸς
1428 1564 1702 1613 κατοικεῖν
1727 1564 1784 1613 ἐν
1814 1562 1984 1631 αὑτῳ.
2016 1565 2125 1615 Καὶ
2155 1564 2263 1632 γὰρ
2286 1566 2315 1616 6

1264 1630 1466 1700 Κύριος
1490 1638 1900 1702 κατασκηνώσει
1932 1630 2012 1695 είς
2037 1633 2206 1695 τέλος.

1337 1719 1422 1773 18.
1456 1721 1527 1795 T6
1562 1721 1736 1795 61mm.
1760 1722 1976 1795 ⁸Κυρίου
2018 1722 2315 1795 μυριοπλά-

1266 1806 1397 1854 σιον,
1434 1790 1667 1860 χιλιάδες
1688 1790 2081 1863 εὐθηνούντων.

1335 1880 1422 1935 19.
1459 1881 1570 1962 ἰςαὶ
1588 1882 1697 1952 γὰρ
1721 1883 2073 1946 ἀπειθοῦντες
2105 1882 2197 1937 τοῦ
2225 1901 2317 1938 κα-

1263 1967 1632 2021 τασκηνωσαι.

1335 2042 1425 2096 20.
1460 2042 1580 2094 Τῶν
1615 2043 1901 2115 σωτηρίων
1929 2044 2105 2115 ἡμῶν.

1332 2132 1422 2185 21.
1471 2131 1529 2183 Ὀ
1578 2133 1712 2203 Θεὸς
1770 2134 1947 2203 ἡμῶν,
1976 2139 2004 2188 6
2034 2135 2167 2198 Θεὸς
2206 2133 2313 2188 σώ-

1264 2202 1402 2325 ἓεινᾶ
1428 2202 1632 2256 καὶτοῦ
1653 2202 1861 2274 Κυρίου
1896 2207 1950 2257 αἱ
1976 2206 2194 2272 διέξοδοι
2219 2202 2314 2258 τοῦ

1299 2288 1361 2325 αν
1403 2289 1518 2325 του.

1432 2365 1574 2419 LXX
1607 2364 2109 2423 INTERPRETES.

1263 2688 1422 2813 cui?»
1454 2689 1570 2746 Rex
1599 2691 1887 2761 virtutum,
1920 2692 2126 2759 dilecti,
2172 2692 2310 2748 dile-

1259 2987 1399 3113 liaEt
1428 2989 1629 3059 speciei
1658 2989 1856 3046 domus
1903 2990 2145 3046 dividere
2180 3006 2308 3061 spo-

1294 3221 1420 3343 ll/i.
1458 3220 1518 3275 Si
1569 3221 1855 3277 dormiatis
1910 3222 2051 3277 inter
2098 3222 2307 3278 medios

1314 3306 1457 3343 eros.
1848 3336 1858 3343 .

1262 3305 1457 3345 Clel'OS.

1328 3450 1395 3505 Et
1420 3452 1723 3522 posteriora
1749 3453 1895 3509 dorsi
1922 3453 2064 3523 ejus.

1330 3615 1416 3680 15,
1460 3614 1545 3668 16.
1583 3616 1721 3671 Dum
1762 3617 2025 3672 discernit
2068 3617 2305 3672 coelestis

1258 3701 1413 3755 reges
1450 3702 1613 3755 super
1643 3703 1762 3741 eam
1794 3690 1915 3743 nive
1975 3688 2307 3741 dealbaliun-

1259 3764 1348 3810 tur
1376 3757 1429 3809 in
1474 3756 1736 3811 Selmon:
1785 3772 1944 3811 mons
1996 3757 2092 3811 Dei
2144 3773 2305 3812 mons

1259 3827 1481 3907 pinguis
1512 3845 1524 3880 :
1576 3841 1736 3884 mons
1761 3829 2305 3898 coagulatus,.mons

1260 3911 1499 3966 pinguis.

1327 4268 1414 4323 17.
1443 4267 1515 4322 Ut
1539 4269 1667 4339 quid
1700 4270 2055 4339 suspicamini
2090 4278 2304 4326 montes

1260 4339 1617 4409 coagulatiis?
1658 4340 1811 4395 Mons
1841 4340 1894 4392 in
1920 4356 2029 4409 quo
2056 4341 2306 4409 benepla-

1260 4407 1423 4461 cituin
1454 4408 1667 4463 estDeo
1706 4407 1952 4463 habitare
1976 4411 2028 4463 in
2086 4425 2151 4463 eo
2178 4407 2303 4465 :ﬁet-

1260 4479 1406 4532 enim
1432 4478 1694 4534 Dominus
1719 4480 1983 4534 habitavit
2024 4480 2081 4532 in
2110 4480 2295 4534 ﬁnem.

1328 4844 1418 4903 i8.
1445 4847 1654 4903 Cui-rus
1703 4847 1798 4902 Dei
1842 4849 2025 4905 decem
2055 4852 2296 4908 millibus

1256 4918 1557 4988 multiplex,
1591 4919 1761 4973 millia
1790 4920 2111 4975 laetantium.

1326 5153 1430 5225 19.
1478 5153 1691 5225 Etenim
1746 5153 2164 5225 inobsequentes
2224 5157 2294 5213 ad

1252 5222 1684 5281 inhabitandum.

1321 5382 1409 5437 20.
1453 5382 1782 5439 Salutarium
1807 5394 2142 5443 nostrorum.

1302 5542 1411 5607 {2L
1444 5541 1585 5598 Deus
1615 5552 1802 5599 noster
1826 5542 1970 5602 Deus
2000 5546 2177 5603 salvos
2203 5544 2287 5602 fa-

134 5617 187 5665 st
218 5606 432 5667 Domini
468 5610 686 5668 Domini
716 5612 785 5669 ad
816 5623 1044 5672 mortem
1081 5606 1177 5671 ex;
1250 5614 1447 5680 oicndi,
1478 5623 1531 5670 et
1554 5613 1770 5671 Domini
1797 5616 1974 5673 exitus
2011 5616 2224 5672 mortis.

149 5692 261 5734 ,ιιι

3320 244 3425 300 954

2703 351 3099 407 ΘΕΟΔΟΤΙΩΝ.

2464 490 2553 545 15.

2463 810 2553 866 14.

2462 1066 2549 1129 15,
2580 1065 2665 1128 16,
2704 1064 2820 1117 Ἐπ’
2851 1065 3020 1135 αὐτῆς
3076 1064 3433 1134 χιονωθήσον-

2389 1153 2477 1188 ται
2507 1140 2561 1188 ἐν
2594 1135 2812 1203 Σελμών
2838 1154 2851 1165 ·
2877 1137 3001 1206 ὅρος
3029 1135 3121 1188 τοῦ
3146 1136 3280 1187 Θεοῦ
3308 1136 3430 1205 ὅρος

2391 1208 2529 1272 πῖον,
2557 1206 2681 1276 ὅρος
2705 1206 3096 1277 τετυρωμένον,
3123 1206 3247 1276 ὅρος
3283 1208 3424 1258 πῖον.

2458 1440 2547 1493 17.
2579 1440 2697 1492 Ἵνα
2748 1438 2801 1491 τί
2843 1437 3051 1509 ἐρίζετε
3084 1438 3211 1507 περὶ
3239 1436 3425 1490 τούτου

2386 1509 2479 1562 τοῦ
2507 1510 2697 1580 δρους;

2462 1738 2550 1794 18.

2458 1880 2548 1934 19.

2453 2037 2545 2093 20.

2454 2130 2549 2186 21.

2706 2354 3117 2414 THEODOTIO.

2454 2689 2543 2743 15.

2453 3214 2541 3270 14.

2450 3615 2536 3677 15,
2564 3613 2650 3670 l6.
2686 3614 2860 3685 Super
2883 3626 3002 3667 eam
3035 3612 3157 3685 nive
3188 3612 3412 3668 dealba-

2376 3684 2644 3739 liunturin
2665 3684 2884 3739 Selmon
2909 3699 3098 3737 :mons
3132 3684 3226 3737 Dei
3253 3701 3411 3739 iiioiis

2374 3756 2596 3835 pinguis
2623 3774 2635 3809 :
2666 3771 2825 3812 mons
2863 3754 3217 3824 coagulatus,
3252 3770 3414 3811 mons

2375 3840 2614 3896 pinguis.
2876 3843 2883 3848 ·

2442 4268 2529 4323 l7.
2568 4267 2639 4342 Ut
2669 4268 2796 4342 quid
2827 4266 3157 4329 contenditis
3204 4268 3270 4325 de
3306 4268 3410 4325 hoc

2372 4347 2558 4395 monte
2578 4341 2602 4395 ἲ

2444 4848 2534 4906 18.

2442 5149 2528 5206 19.

2432 5378 2524 5437 20.

2436 5541 2529 5597 21.
