3852 6216
478 388 583 452 9ιῦ

765 501 863 556 ΤΠ
892 500 1261 557 ΕΒΡΑΙΚΟΝ.

475 680 587 759 ’μου
654 651 871 733 Hum
940 674 1046 747 W3
1089 679 1104 716 I
1153 671 1344 727 manu
1420 663 1453 716 3

477 749 664 825 Hum
699 767 1120 846 Din-mnum
1167 765 1310 817 vnn:
1352 764 1525 817 mi:

1294 854 1526 908 ’ΣΠΞὩΨ

765 987 933 1045 mm
966 992 1113 1045 Tm:
1151 988 1262 1045 ’νς
1300 963 1386 1041 ὺο
1420 980 1455 1032 4

1088 1212 1451 1277 canimus

714 1321 868 1373 2.an
900 1323 966 1372 ἐκ
1002 1290 1289 1370 tn‘m‘n‘)
1318 1315 1454 1367 wn

643 1458 837 1536 #115185
870 1480 1007 1538 rm’
1044 1482 1166 1531 me:
1199 1450 1381 1529 D’n‘m
1416 1466 1450 1521 6

473 1647 591 1699 rm
629 1647 751 1697 im:
787 1644 912 1723 τηρ
954 1649 970 1687 ι
1015 1642 1078 1692 νει
1109 1611 1522 1759 imm-5:43

478 1853 611 1931 vim
689 1875 933 1956 “purpur:
1008 1873 1068 1925 ἐι.
1144 1871 1303 1923 1mm

919 2034 1007 2081 ur
1044 2008 1195 2085 πθ)
1230 2033 1381 2084 mo:
1418 2021 1452 2075 8

1140 2167 1339 2245 urbm
1376 2184 1445 2237 10

474 2293 599 2345 mm
659 2291 797 2343 vim
853 2291 999 2342 nm
1046 2287 1219 2340 nam
1270 2274 1444 2331 15—11

472 2384 566 2458 ριν
628 2356 796 2433 and?
841 2354 1058 2458 reniti
1100 2360 1121 2426 ε’
1164 2354 1218 2458 τί)
1273 2346 1523 2458 nimi-:5

376 2440 607 2526 ιὸπαγν
667 2473 729 2523 ’Ξ
790 2440 1521 2525 Wz'wm‘ann‘nnm

822 2564 951 2616 ww
985 2559 1353 2625 ’n'lw_mluli
1388 2557 1521 2613 'mv

561 2884 816 2943 VERSIO
863 2881 1183 2939 HEBRAICI
1215 2880 1421 2936 TEXT.

540 2983 596 3037 5.
631 2980 923 3034 Demersus
952 2993 1072 3033 sum
1106 2976 1167 3045 in,
1198 2989 1359 3031 coeno
1390 2990 1518 3045 pro-

469 3051 647 3116 fundi,
678 3060 733 3105 et
763 3064 869 3103 non
906 3049 1091 3102 statio.
1125 3044 1259 3099 Veni
1304 3045 1357 3099 in
1391 3044 1517 3114 pro-

469 3115 939 3190 fundaaquarum,
955 3127 1007 3190 et
1028 3118 1214 3171 alveus
1233 3115 1517 3190 inundavit

470 3208 576 3248 me.
615 3184 856 3254 Hiéron.,
904 3188 1105 3242 inﬁxus
1135 3200 1255 3241 sum
1291 3186 1345 3239 in
1386 3184 1518 3239 limo

469 3262 748 3333 profundi,
804 3267 885 3333 ct‘
915 3274 1024 3312 non
1063 3270 1284 3333 possum
1336 3257 1521 3311 consi-

470 3327 653 3388 stere:
697 3330 818 3385 veni
872 3329 928 3382 in
972 3327 1301 3397 profundum
1351 3341 1519 3397 aqua-

470 3420 617 3469 rum,
652 3410 706 3458 et
737 3400 938 3454 ﬂumen
969 3397 1184 3468 operuit
1217 3412 1323 3451 me.

537 3494 591 3551 4.
646 3492 968 3549 Defeccrunt
1027 3488 1171 3542 oculi
1217 3488 1324 3541 mei
1378 3502 1519 3557 Vspe-

471 3566 645 3622 rando
662 3565 714 3618 in
729 3566 838 3617 Deo
864 3575 1004 3615 meo.
1033 3558 1276 3623 Ηὶενοη..
1296 3556 1518 3612 defece-

471 3645 598 3692 runt
632 3634 777 3691 oculi
803 3631 929 3696 mei,
948 3637 1329 3699 exspectantes
1347 3628 1517 3683 Deum

471 3721 676 3762 meum.

543 3801 595 3855 5.
626 3799 728 3866 Qui
758 3797 990 3853 oderunt
1036 3807 1122 3849 me
1150 3792 1340 3865 gratis.
1389 3792 1519 3848 Hie-

471 3888 611 3937 ran.,
645 3872 722 3924 id.

542 3962 675 4028 Quae
708 3974 816 4014 non
858 3968 1172 4028 rapueram,
1218 3959 1350 4009 tunc
1386 3955 1515 4010 red-

472 4026 603 4089 deba
614 4048 687 4085 m.
719 4026 964 4093 Hieron},
997 4026 1072 4079 id.

543 4125 594 4178 6.
616 4122 779 4181 Deus,
794 4131 852 4174 tu
880 4119 988 4175 scis
1004 4114 1287 4174 stultitiam
1309 4131 1508 4173 meam.

472 4194 718 4257 "ieram,
746 4192 822 4246 id.

542 4285 597 4338 7.
627 4282 708 4338 Ne
742 4283 947 4353 pudore
975 4280 1380 4353 adicianturjn
1425 4295 1513 4353 me

472 4350 849 4425 exspectantes
876 4361 951 4425 te,
985 4351 1235 4415 Domine,
1287 4350 1513 4425 Domine

474 4419 737 4481 Sabaoth.
765 4419 1010 4487 Hierom,
1038 4437 1147 4476 non
1176 4419 1514 4476 confundan-

473 4507 562 4551 tur
597 4510 759 4564 super
790 4508 874 4546 me
915 4492 1009 4562 qui
1050 4500 1388 4564 exspectant
1440 4499 1510 4554 te,

472 4562 703 4621 Domine
736 4563 878 4619 Deus
912 4562 1272 4617 exercituum.

544 4658 622 4713 Ne
650 4657 976 4712 erubescant
1015 4656 1067 4708 in
1101 4670 1188 4710 me
1210 4663 1519 4724 qumrentes

472 4739 547 4791 te,
579 4728 724 4782 Deus
756 4726 940 4781 Israel.
970 4724 1214 4790 Πίθωνι,
1249 4739 1358 4778 non
1388 4738 1518 4779 con-

472 4801 775 4855 lundantur
803 4796 859 4849 in
888 4810 975 4849 me
1007 4806 1108 4848 etc.

546 4892 599 4944 8.
629 4887 856 4958 Operuit
881 4885 1137 4958 confusio
1150 4883 1518 4958 faciesmeas.

475 4954 725 5025 Hieron},
772 4956 987 5027 operuit
1035 4955 1286 5011 confusio
1324 4954 1519 5010 faciem

475 5042 677 5084 meam.

548 5119 637 5173 10.
671 5116 919 5173 Comedit
948 5130 1054 5170 me.
1084 5113 1332 5181 Πίθωνι,
1354 5115 1430 5169 id.

554 5216 742 5270 11-13.
774 5212 842 5267 Et
866 5212 987 5268 ﬂevi
1015 5214 1069 5267 in
1086 5212 1298 5282 jejunio
1326 5212 1522 5268 animae

479 5303 637 5351 meae,
679 5295 735 5340 et
780 5283 883 5338 fuit
924 5284 977 5338 in
1023 5284 1314 5353 Opprobria
1362 5284 1519 5339 mihi.
1556 5344 1557 5347 η

479 5356 549 5411 Ει
580 5356 702 5410 dedi
741 5356 1125 5408 vestimentum
1178 5368 1360 5407 meum
1400 5366 1521 5406 sae—

481 5442 628 5489 cum,
659 5434 714 5479 et
742 5422 820 5478 fui
850 5427 931 5478 eis
956 5424 1010 5476 in
1040 5423 1373 5492 parabolam.
1405 5421 1522 5478 Elo-

482 5504 719 5563 quentur
762 5495 817 5547 in
846 5508 933 5546 ma
971 5498 1219 5548 sedentes
1249 5501 1438 5563 portae,
1468 5503 1522 5549 et

483 5562 689 5616 moduli
712 5563 1008 5617 bibentium
1037 5564 1249 5618 secliar.
1276 5562 1521 5629 Πίθωνι,

483 5642 541 5686 et
566 5633 684 5685 ﬂevi
714 5633 767 5685 in
806 5632 1012 5700 jejunio
1042 5632 1280 5685 animam
1321 5648 1520 5695 meam,

483 5711 540 5770 et
579 5701 778 5756 factum
799 5711 881 5755 est
912 5702 966 5753 in
988 5702 1336 5770 opprobrium
1365 5702 1519 5756 mihi.

489 5769 556 5823 Et
589 5772 742 5839 posui
777 5769 1160 5824 vestimentum
1192 5786 1372 5825 meum
1402 5787 1525 5826 sac-

490 5854 636 5907 cum,
666 5852 719 5895 et
758 5839 932 5894 factus
962 5854 1082 5893 sum
1107 5840 1186 5895 eis
1212 5840 1268 5895 in
1294 5842 1522 5911 parabo-

1540 382 2015 442 liEXAPLORUM
2053 385 2223 452 QUAE
2265 386 2701 445 SUPERSUNT.

1884 503 1973 556 ΤΟ
2011 504 2360 559 EBPAIKON

1787 571 2118 646 Ἑλληνικοῖς
2152 577 2467 649 γράμμασι.

1667 663 1722 719 5.

1672 974 1728 1030 4.

1667 1206 1721 1263 5.

1666 1459 1723 1533 6-.

1665 1626 1719 1679 7.

1663 2019 1719 2075 8.

1670 2181 1755 2238 10.

1663 2269 1875 2336 11,15.

1801 2881 2130 2939 VULGATA
2172 2884 2457 2942 LATINA.

1662 2977 1716 3031 3.
1744 2974 1949 3033 lnllxus
1971 2994 2091 3033 sum
2122 2979 2175 3033 in
2203 2980 2333 3035 limo
2356 2978 2632 3050 profundi,

1590 3057 1644 3103 et
1676 3064 1783 3102 non
1815 3056 1899 3103 est
1924 3050 2227 3105 substantia
2270 3069 2281 3106 :
2317 3051 2436 3105 veni
2466 3052 2520 3105 in
2553 3054 2634 3105 al-

1592 3119 1876 3200 titudinem
1908 3120 2099 3185 maris,
2125 3130 2179 3176 et
2207 3130 2499 3192 tempestas
2539 3122 2631 3177 de-

1590 3199 1781 3245 mersit
1810 3203 1919 3245 me.

1660 3489 1715 3543 4.
1762 3489 2085 3548 Defecerunt
2127 3492 2271 3548 oculi
2322 3494 2449 3561 mei,
2506 3508 2634 3551 cum

1590 3574 1749 3631 spero
1774 3562 1828 3616 in
1860 3561 2031 3617 Deum
2066 3579 2268 3619 meum.

1659 3792 1712 3846 5.
1744 3790 1850 3858 Qui
1873 3793 2105 3849 oderunt
2141 3809 2228 3850 me
2256 3796 2448 3866 gratis.

1660 3952 1793 4021 Qum
1820 3969 1931 4011 non
1979 3956 2159 4026 rapui,
2213 3966 2344 4012 tunc
2390 3956 2639 4014 exsolve-

1584 4024 1733 4080 bam.

1652 4116 1706 4172 6.
1754 4116 1921 4184 Deus,
1961 4128 2020 4173 tu
2087 4134 2197 4175 scis
2262 4119 2631 4191 insipientiam

1583 4203 1782 4242 meam.

1654 4278 1706 4331 7.
1746 4276 1863 4332 Non
1907 4279 2237 4334 erubescant
2277 4280 2342 4350 in
2398 4295 2486 4334 me
2538 4279 2632 4350 qui

1582 4358 1901 4417 exspectant
1924 4350 2252 4416 te,Domine,
2273 4349 2500 4406 Domine
2520 4349 2633 4406 vir-

1584 4429 1781 4475 tutum.

1656 4646 1774 4702 Non
1797 4646 2200 4720 confundantur
2226 4664 2391 4718 super
2418 4664 2507 4705 me
2534 4650 2631 4720 qui

1588 4728 1839 4788 quaerunt
1876 4729 1949 4785 te,
1978 4717 2124 4774 Deus
2158 4719 2345 4774 Israel.

1662 4887 1715 4939 8.
1794 4891 2019 4956 Uperuit
2096 4885 2350 4941 confusio
2438 4884 2631 4940 faciem

1592 4969 1789 5010 meam.

1663 5118 1753 5173 10.
1788 5119 2036 5175 Comedit
2060 5134 2165 5174 me.

1665 5212 1842 5266 11-13.
1871 5211 1935 5265 Et
1963 5211 2152 5281 operui
2184 5212 2238 5264 in
2269 5211 2479 5281 jejunio
2519 5211 2639 5265 ani-

3692 386 3799 440 9H

3090 505 3388 559 ΛΚΥΛΛΣ.

2789 669 2841 723 5.
2871 668 2976 723 Καὶ
2998 666 3126 739 ῥοῦς
3151 667 3415 722 ὲπέκλυσέ
3449 684 3548 739 με.

2787 969 2841 1026 ι.
2888 969 3274 1041 Ἐτελέσθησαν
3291 969 3351 1041 οἱἴ
3371 968 3661 1041 ὀφθαλμοί
3681 982 3788 1040 μου

2721 1041 3102 1113 περιμένοντες
3126 1039 3217 1094 τὸν
3253 1039 3404 1095 Θεὸν.

2787 1205 2843 1259 5.

2792 1298 2860 1351 ’Δ
2897 1298 2995 1351 οὐκ
3016 1296 3320 1368 ἐϐιασάμην
3344 1294 3463 1349 τότε
3488 1295 3786 1367 ἁπέστρε·

2715 1386 2835 1439 φον.

2787 1461 2841 1517 6.

2788 1625 2835 1678 7.
2863 1625 3066 1697 Κύριος
3088 1625 3118 1679 ὁ
3146 1624 3277 1687 Θεὸς
3297 1622 3591 1694 στρατιῶν.

2785 2019 2837 2074 8.

2788 2181 2875 2237 10.

2781 2273 2964 2327 11-15.
3002 2274 3112 2327 Καὶ
3140 2272 3374 2343 ἔκλαυσα
3430 2272 3489 2325 ἐν
3533 2274 3781 2343 νηστείᾳ

2708 2342 2883 2414 ψυχήν
2914 2361 3038 2414 μου,
3063 2344 3157 2397 καὶ
3182 2342 3410 2414 ἐγενήθη
3434 2345 3514 2407 εἰς
3562 2332 3775 2396 abs-.6.“-

2709 2361 2883 2414 ψυχην
2914 2361 3038 2414 μου,
3063 2361 3157 2397 και
3182 2361 3244 2466 εἶ

2709 2414 2880 2483 σμοὺς
2940 2414 3083 2484 ἐμοὶ,
3150 2431 3223 2467 κα

2711 2483 3069 2555 pou'adxiov,
3104 2485 3222 2555 xui
3251 2485 3518 2555 ἐγενόμην
3574 2485 3773 2545 αὐτοῖς

2706 2554 3152 2625 εἰςᾼπαραόολήν.
3211 2553 3481 2625 Ὥμίὶουν
3509 2555 3575 2625 ὲν
3635 2556 3772 2624 et:th

2707 2623 2848 2696 καθή
2858 2623 3006 2697 psum
3024 2624 3220 2697 πύλην,
3242 2623 3335 2678 καὶ
3350 2624 3559 2695 ψαλμοὶ
3582 2623 3774 2679 πινόν-

2703 2709 2811 2747 των
2846 2695 3118 2767 μέθυσμα.

3290 2414 3489 2466 ἔδωκεν
3547 2414 3775 2466 ἐνδυπξν

3081 2885 3365 2953 AQUILA.

2781 2980 2835 3036 5.
2874 2980 2942 3037 Et
2964 2980 3145 3037 ﬂuxus
3177 2980 3463 3037 inundavit
3490 2996 3607 3037 me.

2778 3496 2832 3553 4.
2865 3494 3244 3553 Consummati
3276 3503 3405 3551 sunt
3440 3495 3594 3551 oculi
3630 3496 3768 3564 mei,

2706 3576 3085 3638 exspectantes
3115 3566 3307 3621 Deum.

2778 3798 2831 3855 5.

2777 3960 2909 4029 Quae
2955 3976 3063 4014 non
3122 3959 3384 4015 violenter
3438 3974 3765 4029 rapueram,

2704 4042 2836 4087 tunc
2862 4032 3173 4087 reddebam.

2773 4122 2829 4179 6.

2778 4283 2831 4339 7.
2873 4283 3137 4339 Dominus
3167 4282 3311 4340 Deus
3346 4284 3726 4341 exercituum.

2778 4884 2832 4939 8.

2775 5115 2865 5173 10.

2787 5210 2975 5270 11-15.
3016 5211 3082 5267 Et
3104 5212 3226 5268 ﬂevi
3275 5212 3332 5266 in
3371 5210 3591 5283 jejunio
3638 5215 3757 5268 ani~

1595 5296 1742 5336 mam
1773 5297 1973 5347 meam,
2009 5291 2062 5336 et
2090 5282 2290 5352 factum
2330 5290 2414 5335 est
2452 5283 2506 5334 in
2537 5296 2636 5352 op-
2708 5298 2855 5337 mam
2884 5296 3085 5349 meam,
3124 5292 3177 5338 et
3206 5284 3412 5337 factum
3436 5282 3527 5336 est
3576 5285 3632 5337 in
3665 5300 3757 5352 op-

1593 5352 1874 5422 probrium
1922 5352 2077 5405 mihi.
2133 5351 2406 5422 Etposui
2467 5350 2635 5422 vesti-
2706 5355 2926 5421 probria
2950 5354 3103 5418 mihi,
3124 5362 3178 5409 et
3204 5355 3351 5408 dedit
3374 5350 3755 5407 indumentum

1593 5420 1836 5476 mentum
1872 5437 2054 5476 meum
2091 5421 2350 5484 cilicium,
2382 5430 2437 5475 et
2462 5420 2639 5475 factus

2710 5440 2892 5477 meum
2923 5439 3165 5487 saccum,
3194 5436 3248 5478 et
3276 5424 3460 5478 factus
3489 5439 3613 5477 sum
3654 5424 3758 5479 illis

1595 5492 1851 5564 sumillis
1880 5494 1933 5564 in
1970 5492 2300 5564 parabolam.
2331 5491 2636 5564 Adversum
2707 5493 2763 5547 in
2806 5494 3140 5563 parabolam.
3184 5493 3656 5564 Colloquebanlur
3704 5494 3751 5564 in

1594 5577 1683 5616 me
1724 5563 2080 5631 loquebantur
2133 5561 2225 5633 qui
2272 5560 2638 5633 sedebantin
2710 5560 2820 5618 me
2855 5568 3104 5619 sedentes
3138 5564 3190 5618 in
3241 5560 3426 5633 porta,
3460 5573 3515 5617 et
3564 5561 3756 5632 psalmi

1596 5641 1772 5701 porta,
1796 5630 1856 5687 et
1888 5634 1942 5686 in
1972 5648 2061 5688 me
2098 5630 2401 5703 psallebant
2437 5634 2531 5701 qui
2563 5630 2640 5684 bi-
2711 5634 3012 5689 bibentium
3044 5630 3382 5693 ebrietatem.

1598 5703 1799 5758 hebant
1829 5704 2037 5757 vinum.
