3852 6216
144 218 254 274 953

468 331 871 386 ΣΥΜΜΑΧΟΣ.

219 470 585 541 15ηΒασιλεῖς
606 470 715 523 τῶν
754 470 1097 539 στρατιωτῶν
1129 472 1193 541 ﬂ-

146 539 495 612 γαπήοησαν,
525 541 797 610 ἀγαπητοὶ
828 542 1089 608 ἐγένοντο.

217 634 329 687 Καὶ
360 635 393 703 ἡ
430 633 608 685 δίαιτα
635 631 729 684 τοῦ
763 630 912 684 οῐκου
946 631 1188 701 διανέμει

144 702 381 773 λάφυρα.

216 796 305 849 14.
343 794 469 847 Ἐὰν
497 792 806 864 ἀναπέσητε
836 792 1037 863 μεταξὺ
1084 793 1192 848 τῶν

143 865 381 935 κλήρων.

215 955 330 1009 Καὶ
364 953 433 1006 τὰ
460 953 597 1024 μέλη
627 953 820 1025 αὐτῆς.

213 1045 304 1108 15,
358 1043 444 1098 16.
518 1044 708 1097 Ὁπότε
761 1041 1192 1113 κατεμέριζενὸ

150 1115 363 1178 Ἱκανὸς
379 1114 679 1183 βασιλεύειν
708 1115 894 1183 αὐτὴν,
919 1114 999 1183 ὡς,
1024 1129 1190 1181 χιονι-

150 1115 363 1178 Ἱκανὸς
412 1114 679 1167 ασιλεύειν
708 1115 894 1183 αὐτὴν,
919 1114 993 1172 ὡς
1024 1129 1190 1181 χιονι-

144 1186 340 1238 σθεῖσα
379 1113 446 1257 ἓν
475 1184 692 1257 Σελμὼν
712 1184 844 1257 Δὅρος
868 1182 1025 1243 Θεοῦ.
1066 1183 1192 1257 δρος

141 1252 458 1326 εὐτροφίας,
499 1252 624 1326 ὅρος
664 1252 1016 1325 ὑψήλότατον,
1060 1252 1191 1322 ὅρος

140 1326 450 1396 εὐτροφίας.

220 1416 306 1469 17.
344 1417 437 1478 Εἰς
485 1414 539 1467 τί
595 1414 1056 1484 περισπουδάζετε
1110 1414 1188 1484 τὰ

140 1485 244 1556 ὅρη
267 1485 339 1557 τὰ
364 1486 543 1557 ὑψηλά
560 1482 804 1557 ςτὸῦρος
832 1486 969 1555 ὅπερ
997 1482 1190 1557 ὲπίόθῃ-

143 1553 243 1608 σεν
260 1558 287 1608 6
311 1553 439 1619 856g
457 1553 535 1618 εἰς
552 1555 613 1608 τὸ
636 1553 908 1608 κατοικεῖν
939 1553 996 1606 ὲν
1019 1553 1185 1623 αὐτῷ,

141 1626 238 1679 καὶ
254 1626 459 1696 Κύριος
475 1624 888 1693 κατασκηνώσει
915 1625 994 1687 εἰς
1014 1624 1184 1686 τέλος.

217 1718 305 1771 18.
345 1719 569 1786 Ὄχησις
600 1716 694 1769 τοῦ
719 1714 852 1769 Θεοῦ
889 1713 1186 1786 μυριάδων,

140 1787 378 1858 χιλιάδες
404 1786 697 1857 ἠχούντων.

214 1878 319 1960 i9.~
337 1878 458 1930 Ἔτι
482 1878 575 1932 καὶ
610 1879 668 1931 ὲν
698 1876 983 1930 ἀπειθοῦσι
1014 1892 1183 1929 κατα-

142 1965 441 2018 σκηνωσαι.

209 2038 301 2092 20.
331 2037 436 2091 Τοῦ
473 2037 713 2107 σωτῆρος
744 2036 923 2108 ἡμῶν.

207 2130 298 2183 21.
337 2131 393 2182 Ὀ
422 2130 553 2192 Θεὸς
585 2131 714 2199 ἡμῖν
748 2128 880 2199 Θεὸς
906 2130 986 2192 είς
1019 2144 1187 2199 σωτη-

141 2200 286 2271 ρίαν,
319 2201 413 2271 καὶ
444 2199 533 2252 τοῦ
562 2197 767 2271 κυρίου
792 2198 885 2251 τοῦ
909 2197 1181 2250 Δεσπότου

140 2268 195 2322 αἱ
226 2273 304 2334 είς
340 2270 566 2324 Θάνατον
602 2268 788 2334 ἔξοδοι.

424 2359 802 2416 SYMMACHU
814 2358 869 2415 S.

209 2684 297 2739 15.
335 2682 509 2755 Reges
539 2683 776 2739 militum
807 2682 990 2739 dilecti
1034 2690 1180 2747 sunt,

136 2754 323 2810 dilecti
364 2754 603 2811 fuerunt.

209 2982 276 3039 Et
313 2984 526 3040 vivendi
571 2984 942 3055 ratiojdomus
994 2986 1181 3042 distri-

134 3052 256 3109 buit
292 3055 484 3124 spolia.

212 3214 297 3268 14.
330 3212 388 3269 Si
413 3214 720 3271 recideritis
756 3214 897 3272 inter
935 3223 1133 3273 sortes.

207 3443 275 3499 Et
295 3445 535 3501 membra
571 3446 712 3516 ejus.

206 3606 298 3670 15,
327 3607 416 3661 16.
449 3606 677 3672 Quando
717 3606 996 3661 distribuit
1045 3607 1175 3661 Om-

131 3675 389 3744 nipotens
452 3692 679 3747 regnare
742 3678 950 3746 ipsam,
1019 3678 1177 3747 quasi

132 3747 261 3801 nive
301 3747 547 3801 dealbata
603 3753 719 3800 erat
760 3747 979 3800 Selmon
1019 3762 1177 3801 mons

132 3815 250 3880 Dei,
303 3832 461 3872 mons
494 3816 622 3871 boni
670 3817 912 3870 alimenti
958 3836 971 3871 :
1018 3832 1177 3872 mons

130 3887 496 3951 celsissimus,
535 3901 695 3941 mons
726 3884 857 3941 boni
884 3886 1149 3941 alimenti.

216 4252 301 4308 17.
331 4253 412 4309 Ad
447 4254 576 4321 quid
604 4254 893 4310 solicitude
918 4256 1069 4310 vobis
1095 4264 1179 4312 est

132 4324 283 4395 circa
308 4326 815 4395 montesAexcelsos?
832 4341 995 4395 mons
1016 4342 1177 4395 quem

130 4394 459 4449 desideravit
519 4393 662 4449 Deus
707 4397 776 4449 ad
827 4393 1177 4450 habitandum

130 4465 188 4516 in
218 4478 307 4529 eo,
334 4474 388 4519 et
432 4465 695 4521 Dominus
732 4466 998 4521 habitabit
1029 4467 1084 4519 in
1115 4467 1180 4521 li-

129 4548 281 4588 nem.

206 4833 290 4887 18.
316 4835 531 4916 _(_Iurrus
552 4836 647 4894 Dei
669 4839 974 4911 myriadum
1003 4840 1173 4897 millia

128 4914 470 4961 sonantium.

200 5136 291 5192 19.
311 5135 547 5213 insuper
571 5148 625 5193 et
651 5140 711 5213 in
761 5141 1170 5213 inobsequenti-

121 5206 231 5263 bus
260 5207 326 5263 ad
352 5206 783 5266 inhabitandum.

193 5368 286 5424 20.
317 5368 617 5429 S'alvatoris
646 5374 841 5429 nostri.

191 5528 283 5601 ξι.
308 5528 448 5601 Deus
466 5530 625 5601 nobis
655 5531 799 5589 Deus
820 5534 888 5588 ad
914 5533 1163 5601 salutem,

128 5606 177 5654 ιι
208 5597 422 5657 Domini
458 5600 676 5659 Domini
705 5603 774 5661 ad
805 5614 1033 5663 mortem
1070 5597 1166 5662 ex;

1515 220 1835 277 PSALMUS
1869 223 2081 281 LXVII.

1753 336 1828 389 0'.

1336 472 1424 548 5'5.
1464 471 1523 525 Ὁ
1576 473 1827 548 βασιλεὺς
1862 476 1981 548 τῶν
2031 477 2312 548 δυνάμεων

1262 542 1355 594 τοῦ
1388 543 1694 612 ἀγαπητοῦ,
1729 544 1821 596 τοῦ
1848 546 2155 617 ἀγαπητοῦ.

1333 633 1444 754 ξλαὶ
1459 632 1753 705 ὠραιότητι
1769 634 1863 688 τοῦ
1879 637 2027 690 οἴκου
2044 637 2311 692 διελέσθαι

1265 718 1367 755 σκυ
1402 720 1457 756 α.

1335 792 1601 869 14ηῖΕὰν
1661 794 1961 867 κοιμηθῆτε
2036 796 2310 869 ἀναμέσον

1262 860 1370 915 τῶν
1399 862 1637 934 κλήρων.

1332 953 1441 1004 Καὶ
1468 954 1536 1006 τὰ
1564 953 1879 1025 μετάφρενα
1908 956 2096 1027 αὐτῆς.

1334 1042 1530 1114 15,16.
1593 1044 1680 1097 Ἐν
1732 1044 1809 1114 τῷ
1846 1046 2178 1100 διαστέλλειν
2218 1046 2311 1100 τὸν

1263 1112 1583 1186 ἐπουράνιον
1616 1112 1848 1186 βασιλεῖς
1878 1118 1965 1167 ἐπ’
2000 1118 2167 1185 αὐτῆς
2202 1134 2310 1186 χιο-

1262 1182 1593 1255 νωθῃσονται
1621 1185 1677 1235 ἐν
1730 1184 1984 1255 Σελμών·
2044 1182 2309 1255 ὀροςίτοῦ

1262 1251 1396 1327 Θεοῦ
1420 1252 1544 1327 ὅρος
1574 1256 1715 1319 πῖον,
1737 1251 1861 1325 ὅροξ
1910 1251 2308 1327 τετυρωμένον,

1260 1320 1386 1392 ὅρος
1424 1320 1564 1374 σεῖον.

1332 1412 1417 1465 17.
1459 1412 1623 1502 Σινατί
1652 1414 2059 1502 ὑὶπολαμςάνετε
2092 1415 2193 1485 ὅρη
2216 1433 2308 1502 τετ

1257 1482 1582 1603 τυςωμὲνω
1638 1483 1699 1535 τὸ
1733 1482 1858 1553 ὅρος
1889 1485 1917 1535 ὃ
1942 1482 2232 1555 εὐδόκήσὲν
2280 1488 2309 1539 6

1258 1551 1336 1624 ΘεΔ
1363 1569 1391 1614 ς
1420 1555 1695 1604 κατοικεῖν
1720 1555 1777 1605 ὲν
1807 1554 1977 1623 αὐτῷ.
2009 1557 2118 1606 Καὶ
2148 1555 2255 1624 γὰρ
2279 1557 2308 1608 6

1257 1621 1459 1691 Κύριος
1483 1630 1893 1693 κατασκηνώσει
1925 1621 2005 1687 εἰς
2029 1621 2199 1687 τέλος.

1329 1711 1415 1765 18.
1448 1712 1520 1787 T6
1554 1712 1729 1787 ῥἰρμαΔ
1752 1714 1969 1787 ⁸Κυρίου
2010 1715 2307 1787 μυριοπλά-

1259 1798 1390 1845 σιον,
1427 1782 1660 1851 χιλιάδες
1681 1782 2072 1855 εὐθηνὸῦντων.

1327 1871 1414 1926 19.
1451 1872 1562 1953 ἰξαὶ
1580 1874 1689 1944 γὰρ
1714 1874 2065 1939 ἀπειθοῦντες
2098 1875 2190 1929 τοῦ
2218 1894 2309 1930 κα-

1255 1958 1624 2012 τασκηνωσαι.

1328 2034 1417 2087 20.
1452 2033 1573 2086 Τῶν
1607 2035 1892 2107 σωτηρίων
1921 2036 2098 2106 ἡμῶν.

1323 2124 1414 2176 21.
1464 2122 1521 2194 Ὀ
1570 2124 1704 2194 Θεὸς
1762 2126 1939 2194 ἡμῶν,
1969 2131 1996 2180 6
2026 2127 2159 2190 Θεὸς
2198 2125 2305 2180 σώ-

1255 2194 1394 2316 (ἑειῖ
1420 2193 1515 2247 κοιλ¹
1530 2193 1624 2246 τοῦ
1646 2193 1853 2266 Κυρίου
1888 2198 1942 2248 αἱ
1968 2198 2187 2264 διέξοδοι
2211 2194 2306 2250 τοῦ

1291 2279 1354 2316 αν
1396 2280 1509 2316 του.

1424 2356 1565 2411 LXX
1598 2356 2100 2414 INTERPRETES.

1254 2680 1414 2804 cui?»
1446 2680 1561 2737 Rex
1591 2682 1879 2753 virtutum,
1911 2684 2117 2750 dilecti,
2163 2684 2301 2740 dile-

1250 2978 1390 3103 1.aEt
1420 2980 1620 3050 speciei
1649 2980 1847 3038 domus
1894 2981 2136 3037 dividere
2170 2998 2300 3053 Spo-

1274 3066 1287 3103 1
1328 3088 1343 3103 ο

1274 3066 1343 3103 18.

1285 3212 1411 3335 1M.
1450 3211 1509 3266 Si
1560 3212 1846 3268 dormiatis
1902 3214 2042 3269 inter
2090 3214 2298 3270 medios

1305 3297 1448 3335 eros.
1838 3328 1849 3335 .

1252 3296 1448 3337 οιθτοε.

1320 3442 1387 3496 Et
1411 3443 1713 3513 posteriora
1740 3444 1887 3500 dorsi
1913 3445 2054 3515 ejus.

1321 3607 1407 3671 15,
1451 3606 1536 3659 16.
1575 3607 1712 3662 Dum
1752 3608 2015 3663 discernit
2059 3609 2296 3664 cmlestis

1249 3693 1404 3746 reges
1441 3693 1604 3746 super
1634 3695 1753 3732 eam
1785 3682 1906 3734 nive
1966 3679 2297 3733 dealbabun-

1250 3756 1338 3801 tur
1366 3748 1420 3800 in
1464 3747 1727 3802 Selmon:
1776 3764 1935 3803 mons
1987 3748 2082 3803 Dei
2135 3765 2295 3804 mons

1250 3818 1471 3897 pinguis
1502 3836 1515 3871 :
1566 3833 1726 3876 mons
1752 3820 2093 3890 coagulatus,
2113 3872 2118 3879 ,
2138 3834 2296 3875 mons

1251 3903 1489 3957 pmgms.

1318 4259 1405 4313 17.
1429 4258 1505 4330 ίυι
1528 4260 1657 4330 quid
1690 4261 2046 4330 suspieamini
2081 4270 2294 4318 montes

3313 237 3419 293 954

2697 344 3092 400 ΘΕΟΔΟΤΙΩΝ.

2458 482 2547 537 15.

2456 802 2546 858 14.

2455 1058 2542 1121 15,
2574 1057 2658 1121 16,
2697 1057 2813 1110 Ἐπ’
2844 1058 3013 1128 αὐτῆς
3069 1058 3426 1127 χιονωθὴσον-

2382 1145 2470 1181 ται
2500 1128 2805 1199 ὲνΣελμών
2831 1146 2844 1158 ·
2870 1130 2994 1199 ὅρος
3022 1129 3114 1180 τοῦ
3139 1129 3272 1181 Θεοῦ
3300 1130 3424 1197 ὅρος

2384 1201 2522 1264 πῖον,
2550 1198 2674 1268 ὅρος
2698 1198 3088 1270 τετυρωμένον,
3115 1199 3240 1269 ὅρος
3275 1202 3417 1251 πῖον.

2451 1433 2539 1485 17.
2572 1432 2689 1484 Ἵνα
2740 1431 2793 1483 τί
2836 1430 3043 1501 ἐρίζετε
3077 1431 3203 1500 περὶ
3232 1429 3417 1483 τούτου

2378 1501 2472 1555 τοῦ
2500 1502 2690 1573 ὅρους;

2453 1731 2542 1786 18.

2451 1872 2540 1927 19.

2445 2029 2537 2085 20.

2446 2123 2541 2179 21.

2697 2347 3109 2407 THEODOTIO.

2445 2681 2534 2734 15.

2445 3207 2532 3263 14.

2440 3608 2527 3669 15,
2555 3605 2641 3663 16.
2677 3606 2851 3677 Super
2873 3619 2993 3660 eam
3026 3605 3148 3677 nive
3178 3604 3402 3661 dealba-

2366 3676 2635 3731 hunturin
2656 3676 2875 3731 Selinon
2899 3694 2911 3729 :
2932 3691 3087 3730 mons
3124 3676 3216 3730 Dei
3243 3694 3401 3732 mons

2366 3748 2586 3827 pinguis
2614 3767 2626 3801 :
2657 3764 2816 3804 mons
2854 3747 3208 3815 coagulatus,
3242 3763 3404 3803 mons

2366 3833 2604 3888 pinguis.
2866 3835 2875 3841 '

2432 4261 2520 4315 17.
2559 4260 2629 4318 Ut
2659 4260 2785 4334 quid
2818 4259 3147 4321 contenditis
3194 4260 3260 4318 de
3296 4260 3400 4318 hoc

1251 4329 1569 4401 coagulatus
1585 4331 1608 4381 ?
1649 4329 1802 4385 Mons
1831 4332 1884 4384 in
1910 4347 2019 4401 quo
2046 4332 2296 4401 benepla—
2362 4333 2593 4387 monte?

1250 4399 1413 4452 citum
1444 4400 1657 4455 estDeo
1696 4399 1942 4455 habitare
1966 4402 2018 4454 in
2076 4416 2141 4455 eo
2168 4399 2294 4457 :Net-
2403 4430 2430 4458 ο

1250 4470 1395 4523 enim
1422 4469 1684 4525 Dominus
1709 4471 1974 4525 habitavit
2015 4471 2071 4524 in
2101 4472 2285 4526 linem.

1318 4838 1407 4894 18.
1435 4839 1644 4895 Currus
1692 4838 1788 4894 Dei
1831 4842 2015 4897 decem
2045 4844 2286 4900 millibus

1246 4909 1547 4980 multiplex,
1580 4911 1750 4965 millia
1780 4912 2101 4967 laetantium.

1316 5144 1420 5217 l9.
1466 5145 1681 5217 Etenim
1736 5145 2154 5217 inobsequentes
2214 5149 2283 5205 ad

1241 5214 1673 5272 inbabitandum.

1311 5373 1399 5428 ‘20.
1442 5373 1772 5431 Salutarium
1797 5386 2131 5436 nostrorum.

1291 5533 1400 5597 {21.
1433 5532 1575 5589 Deus
1604 5543 1791 5590 noster
1816 5533 1960 5593 Deus
1989 5538 2167 5594 salvos
2192 5536 2277 5594 fa-

1239 5605 1436 5671 eiendi,
1468 5615 1519 5661 et
1542 5604 1759 5663 Domini
1786 5608 1963 5664 exitus
2000 5608 2213 5663 mortis.

2434 4840 2524 4898 18.

2432 5141 2518 5198 19.

2422 5371 2513 5429 20.

2426 5533 2519 5589 21.
