3852 6216
216 291 327 350 957

541 412 949 473 ΣΥΜΜᾹΧΟΣ.

289 570 344 628 5.
386 572 449 625 Ἦ
485 574 781 645 προσδοκία
810 593 935 647 μου.

291 734 346 810 6.,
373 736 423 789 ’1.
442 736 548 810 ’Σοὶ
573 736 972 810 ὲπεσξσηῗρίχβην
1008 741 1117 793 ἀπὸ
1164 759 1268 810 γα-

218 805 402 884 στρὸς,
432 807 678 884 ἀπὺ-τῷν
707 805 1130 884 ξνᾷσῦίων-τῆς
1160 805 1267 884 μη..

214 876 347 953 ’ῑρός
376 893 477 953 μορ
509 877 573 930 σὺ
606 878 818 953 mea
854 897 941 953 μευ
992 876 1118 953 Eli-
1142 876 1201 935 ἀὲ
1222 876 1265 953 ῗή

215 946 463 1017 ἁναμονή
504 964 605 1017 μου
657 946 967 1019 ἐνδελεχῶς,
999 949 1131 1003 ὡσεὶ
1172 946 1262 1004 τέσὶ

217 1033 323 1085 ρας
351 1019 618 1088 ὲ-γενόμην
662 1021 774 1081 τοῖς
816 1019 1031 1083 πολλοῖς
1050 1038 1064 1051 ·
1111 1021 1174 1074 σὺ
1209 1022 1266 1075 δὲ

214 1086 543 1158 πεποίθησίς
574 1086 682 1159 μου
716 1090 833 1159 ίσχυ
842 1090 929 1160 ρά.

286 1176 341 1242 8,
362 1178 416 1233 9.
448 1178 723 1253 Πλησθείη
752 1178 813 1234 τὸ
836 1181 1010 1253 στόμα
1041 1198 1142 1253 μου
1182 1183 1265 1235 αῖ-

211 1264 309 1324 νου
335 1264 427 1300 σου
456 1250 598 1324 κατὰ
618 1252 799 1324 πᾶσαν
828 1250 1072 1324 ἡμέραν,
1111 1254 1169 1308 ὲν
1195 1255 1261 1324 τῇ

210 1317 524 1395 εὐπρεπείᾳ
568 1336 663 1373 σου
724 1322 799 1390 μὴ
850 1317 1143 1395 ’ἀποϐάλῃς
1195 1317 1262 1394 με

210 1388 394 1458 καιρῷ
420 1388 626 1460 γήρως.

283 1549 373 1624 1ο,
412 1549 497 1604 11.
521 1551 631 1624 Καὶ
655 1552 707 1624 οἱ
740 1552 1135 1624 ἐπιτηροῦντες
1162 1552 1266 1624 τὴν

205 1619 390 1691 ψυχήν
410 1638 511 1691 μου
533 1619 925 1691 ἐϐουλεύσαντο
939 1624 1030 1676 ἐπὶ
1048 1624 1109 1676 τὸ
1128 1619 1261 1676 αὑοέὸ

205 1690 488 1758 λέγοντες·
526 1690 585 1745 'O
617 1692 751 1757 Θεὸς
778 1694 1133 1761 ἐγκατέλιπεν
1165 1694 1262 1745 αὺ-

204 1761 332 1824 τὸν,
361 1761 731 1827 καταδιώξατε
782 1764 876 1816 καὶ
926 1764 1259 1818 καταλάὸετε

204 1831 391 1898 αὑτὸν,
420 1832 501 1885 ὅτι
528 1833 629 1886 οὐκ
648 1833 795 1887 ἐστιν
818 1836 847 1886 ό
884 1834 1166 1905 ῥυόμενος.

287 1927 380 1984 12.

278 2090 368 2162 15.
392 2089 957 2162 Καταισχυνθήτωσαν
990 2094 1086 2148 καὶ
1127 2094 1259 2147 ἁνα-

202 2158 537 2236 λωθήτωσαν
566 2158 1026 2235 οἷ’ἀντίκείμενοι
1058 2167 1127 2236 τῇ
1155 2165 1259 2235 ψυ-

202 2234 274 2303 χῇ
319 2249 441 2302 μου.

281 2323 368 2377 14.
410 2324 523 2377 Καὶ
554 2323 850 2396 προσθήσω
894 2324 1007 2386 τοῖς
1066 2324 1255 2395 ὕμνοις

204 2411 323 2448 σου.

274 2488 365 2553 15,
399 2487 486 2543 J16.
535 2487 610 2541 Τὸ
638 2487 814 2558 στόμα
852 2504 953 2557 μου
998 2488 1257 2559 διήγησε-

201 2576 294 2612 ται
317 2559 471 2641 ,κατὰ
520 2560 700 2641 πᾶσαν
741 2558 980 2641 ἡμέραν.
998 2558 1125 2641 τὴν,
1145 2558 1254 2612 σω-

199 2630 398 2713 εηείαν
443 2646 537 2713 σειξι
557 2669 593 2713 ν.
614 2631 677 2683 οὐ
742 2625 869 2713 ﬁeri
894 2625 1017 2713 ρῖδοξ
1053 2625 1252 2713 ἔξειπ-

202 2699 411 2823 θμῆσαι
431 2741 447 2768 ,
475 2698 765 2771 ἐλεύσομαι
802 2700 861 2751 ὲν
889 2698 1117 2769 δυνάμει
1145 2698 1257 2753 Κυ-

201 2788 236 2841 ρ
262 2788 342 2824 ου.

493 2887 874 2945 SYMMACHU
885 2888 944 2945 S.

274 3009 329 3065 5.
356 3007 703 3080 Exspectatio
732 3025 875 3065 mea.

272 3171 329 3236 6,
382 3172 433 3226 7.
484 3169 604 3226 Tibi
653 3171 1010 3226 conﬁrmatus
1049 3185 1173 3225 sum
1220 3186 1252 3226 a

202 3252 433 3297 ventre:
466 3257 531 3295 ex
564 3242 868 3297 visceribus
893 3242 1087 3295 matris
1117 3256 1251 3294 meae

198 3323 259 3368 tu
299 3311 583 3381 respexisti
628 3328 735 3368 me.
792 3311 849 3364 lu
905 3320 955 3365 te
994 3311 1252 3380 patientia

200 3398 323 3437 mea
340 3393 622 3452 perpetuo,
643 3391 921 3451 tamquam
942 3383 1250 3450 prodigium

198 3453 380 3508 factus
411 3470 532 3507 sum
564 3453 791 3509 multis:
832 3461 889 3506 tu
938 3467 1070 3508 vero
1108 3452 1250 3508 lidu-

198 3524 284 3581 cia
317 3539 436 3579 mea
473 3524 650 3579 fortis.

272 3970 327 4038 8,
357 3972 411 4027 9.
443 3970 737 4041 Repleatur
765 3986 827 4026 os
873 3984 1054 4025 meum
1074 3968 1250 4041 laude

196 4051 295 4097 tua
340 4057 434 4110 per
468 4040 684 4097 omnem
733 4042 875 4096 diem
903 4057 920 4095 :
953 4042 1006 4095 in
1052 4040 1249 4095 decore

199 4124 295 4167 tuo
324 4128 396 4194 ne
424 4113 648 4184 abjicias
676 4127 764 4167 me
808 4121 1051 4182 tempore
1091 4124 1251 4167 sene-

196 4194 388 4238 ειυιιε.

270 4488 356 4554 10,
388 4488 473 4543 11.
503 4485 568 4542 Et
610 4488 964 4543 observantes
1002 4488 1242 4541 animam

196 4575 374 4613 meam
405 4558 697 4613 consilium
728 4558 971 4612 inierunt
1016 4558 1239 4627 pariter,

192 4630 477 4684 dicentes:
538 4628 680 4683 Deus
732 4628 1021 4697 dereliquit
1067 4643 1241 4682 eum:

193 4698 587 4769 wrsequimini
666 4707 720 4752 et
803 4698 1245 4769 comprehendite

192 4786 345 4834 eum,
376 4768 506 4840 quia
534 4783 644 4824 non
677 4776 760 4823 est
793 4769 888 4838 qui
915 4768 1132 4838 eripiat.

271 5069 362 5122 1'2.

265 5234 334 5287 l5
385 5233 804 5290 Confundantur
829 5243 882 5290 et
910 5249 1243 5292 consuman-

192 5313 280 5358 tur
312 5306 611 5360 adversarii
645 5307 842 5360 animae
871 5321 1025 5361 meae.

265 5537 355 5591 14.
398 5534 465 5591 Et
489 5536 743 5607 adjiciam
772 5537 990 5607 hymnis
1014 5537 1144 5593 tuis.

266 5768 353 5828 15,
404 5768 490 5823 16.
524 5767 598 5823 Os
629 5783 809 5822 meum
860 5766 1104 5823 narrabit
1143 5784 1237 5838 per

1625 303 1953 363 PSALMUS
1986 308 2153 364 LXX.

1828 424 1903 478 0'.

1414 582 1468 638 5.
1523 582 1588 635 Ἦ
1619 583 1865 655 ὑπομονή
1910 601 2035 655 μου.
2088 587 2380 653 Ἅλλος,ὁ

1344 652 1762 724 ὑπερασπιστὴς
1794 652 1918 724 μου.

1410 748 1463 813 6,
1604 747 1727 822 Ἐπὶ
1759 749 1818 822 σε
1837 749 2241 822 επεπηρίχθην
2277 750 2387 804 ἀπὸ

1339 818 1593 890 γαστρὸς,
1618 819 1683 869 ὲκ
1710 817 1919 890 κοιλίας
1954 817 2158 890 μηλέρός
2186 817 2288 890 μου
2320 822 2382 874 σύ

1341 884 1442 962 μου
1470 884 1523 941 εἴ
1551 888 1885 962 σξιεπαστής.
1932 884 2025 962 Ἐν
2051 884 2132 962 σοὶ
2218 890 2386 962 ὕμνη-

1341 958 1425 1022 σίς
1457 976 1560 1027 μου
1585 958 1877 1027 διαπαντός
1901 974 1913 987 ·
1951 959 2084 1013 ὡσεὶ
2136 958 2302 1027 τέρας
2328 958 2385 1015 ε’-

1336 1026 1571 1102 γενήθην
1590 1029 1702 1090 τοῖς
1724 1026 1959 1095 πολλοῖς,
1982 1032 2077 1084 καὶ
2109 1032 2173 1084 σὺ
2189 1026 2383 1102 βοηθὸς

1334 1098 1615 1172 κραῒαιός.

1406 1190 1559 1281 δι’,ἓτ
1578 1190 2039 1281 maeres?»
2073 1192 2380 1281 εῖάμοξβέιυ

1336 1260 1615 1333 αἰνέσεως,
1648 1260 1797 1333 ὅπως
1824 1260 2067 1333 ὑμνήσω
2090 1260 2189 1333 τὴν
2224 1260 2382 1326 δόξαν

1336 1347 1451 1403 σου,
1483 1331 1612 1403 ὅλην
1642 1332 1741 1403 τὴν
1776 1331 1994 1403 ἡμέραν
2021 1332 2119 1403 τὴν
2147 1331 2382 1402 μεγαλο-

1334 1401 1601 1475 πρέπειάν
1652 1401 1767 1454 σου.
1802 1401 1906 1473 Μὴ
1937 1401 2251 1475 exaggam;
2311 1420 2380 1474 με

1335 1472 1414 1533 εἰς
1447 1472 1639 1543 καιρὸν
1665 1472 1901 1543 γήρους.
2042 1478 2045 1481 λ

1408 1559 1496 1619 10.
1527 1558 1614 1613 11.
1644 1559 1755 1613 Καὶ
1784 1558 1833 1611 oi
1870 1558 2241 1644 ’φυλάσσοντες
2279 1558 2378 1682 τὶὲν

1412 1629 1513 1682 γήν
1535 1646 1635 1682 μου
1666 1628 2051 1682 ἐϐουλευσαντο
2067 1646 2324 1682 επιτοαυτ
2363 1673 2377 1682 .

1332 1626 1513 1698 ψυχήν
1534 1646 1635 1700 μου
1666 1626 2051 1683 ἐϐουλεύσαντο
2067 1626 2377 1695 ἐπιτοαυτδ,

1333 1697 1604 1766 λέγοντες,
1648 1700 1709 1752 '0
1738 1698 1873 1763 Θεὸς
1901 1700 2266 1767 ἐγκατέλιπεν
2286 1702 2383 1753 αὺ-

1331 1769 1443 1830 τὸν,
1472 1769 1842 1835 καταδιώξατε
1902 1770 1998 1823 καὶ
2043 1770 2379 1825 καταλάϐετε

1332 1839 1515 1903 αὐτὸν,
1544 1841 1625 1893 ὅτι
1652 1841 1754 1893 οὐκ
1777 1839 1923 1893 ἐστιν
1946 1842 1974 1892 ὁ
2006 1841 2289 1911 ῥυόμενος.

1403 1929 1491 1983 12.
1529 1931 1586 2003 Ὁ
1599 1930 1732 1993 Θεός
1750 1948 1876 1999 μου,
1902 1932 1982 1992 εἰς
2001 1931 2099 2003 τὴν
2126 1931 2381 2003 βοήθειάν

1333 2017 1437 2069 μου
1466 2000 1721 2072 πρόσχες.
1758 2004 1822 2054 Ol
1843 2000 2065 2066 λοιποὶ,
2089 2000 2166 2057 id.

1403 2091 1488 2145 15.
1520 2090 1984 2161 Αίσχυνθήτωσαν
2031 2093 2124 2146 καὶ
2162 2093 2380 2147 ἐκλιπέ-

1328 2178 1509 2214 τωσαν
1545 2164 1594 2215 οἱ
1620 2161 2058 2227 ἐνδια6άλλοντες
2086 2164 2182 2235 τὴν
2203 2164 2381 2235 ψυχήν

1331 2248 1459 2301 μου.

1402 2325 1500 2398 Μν.Δ
1524 2325 1634 2378 Καὶ
1654 2324 1947 2397 προσθήσω
1962 2325 2054 2379 ἐπὶ
2078 2327 2258 2380 πᾶσαν
2279 2326 2381 2398 τὴν

1327 2393 1532 2447 αῖνεσίν
1570 2413 1684 2449 σου.

1401 2488 1489 2552 15,
1518 2486 1604 2559 16.
1642 2487 1716 2540 Τὸ
1747 2489 1920 2559 στόμα
1954 2506 2056 2558 μου
2097 2488 2384 2558 ἐξαγγελεῖ

1327 2557 1676 2631 δικαιοσύνην
1713 2557 1856 2624 σου(
1884 2557 2012 2627 ὅλην
2038 2559 2136 2629 τὴν
2166 2557 2380 2631 ἡμέραν

1326 2629 1424 2699 τὴν
1450 2629 1724 2700 σωτηρίαν
1750 2645 1863 2681 σου.
1893 2631 2016 2700 ’Ότι
2065 2631 2165 2681 οὐκ
2189 2629 2380 2700 ἔγνων

1328 2698 1756 2771 γραμματείαςμ,
1789 2698 2168 2771 εἰσελεύσομαι
2195 2698 2257 2756 ἐν
2289 2702 2380 2754 δυ..

1327 2768 1552 2841 ναστείᾳ
1583 2768 1813 2841 Κυρίου.

1501 2888 1645 2943 LXX
1683 2886 2200 2945 INTERPRETES.

1395 3009 1448 3064 5.
1480 3006 1746 3064 Patientia
1786 3024 1927 3065 mea.
1957 3010 2147 3074 Alius,
2193 3018 2374 3078 prote-

1323 3088 1442 3137 (εεοῖ
1467 3095 1621 3134 meus
1630 3117 1644 3132 .

1394 3167 1449 3233 6,
1488 3167 1538 3223 7.
1572 3168 1630 3223 In
1670 3177 1721 3222 te
1759 3169 2118 3224 conﬁrmatus
2152 3184 2270 3223 sum
2304 3185 2374 3225 ex

1324 3248 1525 3293 utero:
1573 3239 1641 3293 de
1670 3250 1859 3294 ventre
1888 3241 2081 3294 matris
2127 3256 2263 3294 mea:
2315 3252 2373 3295 tu
2416 3248 2421 3255 '

1328 3324 1387 3363 es
1426 3318 1702 3378 protector
1739 3325 1917 3364 meus.
1949 3308 2004 3362 lu
2036 3318 2090 3363 te
2134 3313 2375 3365 cantatio

1326 3394 1447 3461 mea
1474 3395 1720 3447 semper:
1752 3390 2031 3461 tamquam
2062 3380 2372 3461 prodigium

1323 3448 1503 3574 factus
1528 3466 1651 3506 sum
1694 3448 1904 3517 multis,
1964 3458 2017 3505 et
2047 3461 2106 3505 tu
2156 3448 2376 3522 adjutor

1347 3530 1503 3577 ortis.

1394 3963 1447 4028 8,
1477 3962 1530 4018 9.
1562 3962 1857 4034 Repleatur
1890 3979 1954 4019 os
1980 3980 2161 4021 meum
2192 3965 2371 4032 laude,

1323 4042 1383 4087 ut
1412 4043 1626 4089 cantem
1657 4036 1885 4104 gloriam
1921 4044 2095 4101 tuam,
2136 4046 2247 4091 tota
2287 4038 2375 4092 die

1322 4105 1757 4179 magnitudinem
1788 4115 1959 4160 tuam.
2003 4104 2082 4179 Ne
2110 4106 2373 4179 projicias

1323 4189 1411 4228 me
1438 4175 1493 4228 in
1531 4188 1773 4245 tempore
1803 4176 2117 4233 senectutis.

1395 4477 1483 4541 10,
1513 4477 1600 4531 ll.
1652 4475 1721 4531 Et
1757 4477 1852 4547 qui
1901 4478 2283 4535 custodiebant
2315 4495 2369 4534 a-

1318 4549 1523 4604 nimam
1553 4563 1731 4601 meam
1778 4550 2070 4603 consilium
2120 4549 2367 4604 fecerunt

1318 4620 1375 4673 in
1408 4633 1604 4684 unum,
1657 4620 1940 4673 dicentes:
1996 4618 2138 4674 Deus
2172 4621 2368 4675 dereli-

1318 4690 1439 4759 quit
1463 4704 1635 4743 eum:
1684 4690 2078 4758 persequimini
2112 4699 2167 4745 et
2211 4706 2366 4745 com-

1315 4759 1635 4831 prehendite
1665 4774 1814 4822 eum,
1848 4762 1978 4828 quia
2012 4776 2123 4815 non
2160 4769 2246 4817 est
2272 4761 2367 4831 qui

1317 4830 1532 4900 eripiat.

1387 5061 1474 5118 12.
1542 5060 1687 5118 Deus
1744 5077 1920 5127 meus,
1991 5062 2044 5116 in
2099 5061 2364 5117 auxilium

1314 5147 1497 5188 meum
1523 5135 1753 5203 respice.
1790 5131 2018 5203 Reliqui,
2045 5134 2122 5189 id.

1388 5226 1476 5280 15.
1534 5224 1954 5281 Confundantur
1995 5234 2051 5280 et
2110 5225 2369 5283 deﬁciant

1314 5294 1660 5351 detrahentes
1690 5297 1887 5353 animae
1915 5313 2067 5353 meae.

1385 5529 1471 5585 14.
1517 5528 1581 5582 Et
1629 5528 1885 5597 adjiciam
1941 5544 2106 5600 super
2143 5545 2361 5586 omnem

1312 5600 1525 5656 laudem
1563 5608 1731 5654 tuam.

1382 5764 1593 5827 15,16.
1638 5765 1712 5819 Os
1770 5780 1951 5821 meum
2010 5764 2357 5820 annuntiabit

197 5847 364 5896 tuam
430 5841 571 5895 diem
630 5840 859 5898 salutem
916 5849 1086 5908 tuam,
1128 5836 1234 5896 non
1308 5836 1575 5908 justitiam
1618 5845 1789 5907 tuam,
1822 5845 1934 5894 tota
1986 5836 2074 5894 die
2118 5836 2359 5895 salutare

2779 426 3183 487 ΘΕΟΔΟΤΙΩΝο

2524 1190 2578 1255 8,
2613 1190 2667 1245 9.

2526 1560 2611 1626 10,
2638 1560 2727 1617 11.

2769 2897 3188 2959 THEODOTIO.

2520 3972 2573 4037 8,
2615 3972 2671 4028 9.

2515 4485 2603 4552 10,
2632 4485 2717 4542 ll.

2509 5228 2597 5284 15.

2508 5533 2597 5589 14.

2508 5767 2594 5835 15,
2626 5765 2716 5825 16.

3404 314 3509 369 958
