3852 6216
68 310 222 369 1005

402 420 805 474 ΣΥΜΜΑΧΟΣ.

145 578 240 633 14.
270 578 422 644 Θεὸς,
455 580 513 632 ὲν
538 578 795 651 ἁγιασμῷ
814 581 849 653 ἡ
874 580 989 645 ὁδός
1013 597 1126 633 σου.

1205 664 1321 701 σου.

146 740 242 793 15.
288 740 540 812 Γνωστὴν
591 741 853 812 ἐποίησας
913 741 971 794 ὲν
1019 743 1130 805 τοῖς

68 808 259 863 levas:
288 811 385 881 τὴν
413 808 563 880 ῐσχῦν
596 828 711 865 σου.

146 900 241 954 18.
274 896 449 972 Ἦχον
474 902 673 954 ἔδωκεν
702 900 886 973 αἰθήρ.

1202 808 1433 881 δύναμίν
1461 827 1575 863 σου.

146 996 253 1078 i9;
281 992 456 1069 τΗχος
519 998 747 1070 βροντῆς
786 1014 880 1051 σου
937 1000 995 1051 ἐν
1047 997 1125 1069 τῷ

1433 302 1757 359 PSALMUS
1790 303 2055 356 LXXV“.

1690 418 1765 468 0'.

1241 998 1359 1080 _i9.
1387 997 1541 1068 Φωνὴ
1562 997 1790 1067 βροντῆς
1813 1014 1906 1050 σου
1940 999 1997 1051 ὲν
2028 995 2105 1066 τῷ
2126 1014 2245 1067 τρο-

2632 418 3030 476 ΘΕΟΔΟΤΙΩΝ.

1276 578 1364 632 14.
1402 577 1459 630 Ὀ
1486 576 1638 640 Θεὸς,
1674 578 1732 628 ἐν
1766 575 1843 646 τῷ
1888 576 2027 646 ἁγίῳ
2067 576 2101 645 ἡ
2133 576 2250 639 ὁδός
2400 577 2487 632 14.

1275 740 1361 793 15.
1391 738 1727 810 Ἐγνὼρισας
1756 739 1814 790 ὲν
1842 739 1953 800 τοῖς
1978 737 2127 799 λαοῖς
2148 735 2247 805 τὴν
2393 739 2482 795 15.

1278 904 1359 958 18.
1389 903 1573 974 Φωνὴν
1599 902 1802 956 ἔδωκαν
1833 903 1889 955 αἱ
1912 901 2149 972 νεφέλαι.
2393 902 2483 957 18.

2389 995 2482 1076 19.
2509 995 2664 1067 Φωνὴ
2731 996 2963 1068 βροντῆς
3033 1014 3125 1049 σου
3184 999 3243 1051 ὲν
3282 997 3362 1069 τῷ

68 1083 282 1138 τροχφο
1197 1086 1296 1139 χφο
2317 1082 2512 1137 τροχφο

1270 1159 1382 1214 Καὶ
1402 1159 1659 1230 ἔντρομος
1677 1157 1927 1230 ἐγενήθη.
1944 1160 2007 1212 οἱ
2019 1158 2241 1223 λοιποὶ,

1203 1230 1298 1284 καὶ
1321 1229 1565 1301 ἐσείσθη.

389 1351 834 1409 SYMMACHUS.
1368 1350 1512 1405 LXX
1550 1348 2047 1405 INTERPRETES.
2614 1348 3030 1405 THEODOTIO.

154 1466 251 1522 14.
286 1463 453 1533 Deus,
476 1466 529 1520 in
566 1467 998 1523 sanctiﬁcatione
1037 1468 1128 1524 via
1270 1467 1358 1522 14.
1396 1466 1562 1531 Deus,
1596 1466 1650 1521 in
1682 1473 1872 1521 sancto
1903 1466 1991 1519 via
2013 1473 2127 1519 tua.
2391 1463 2459 1516 M

70 1548 194 1593 tua.

152 1629 245 1683 15.
281 1627 474 1682 Notam
528 1628 703 1683 fecisti
762 1628 819 1682 in
877 1629 1127 1699 gentibus

70 1700 459 1754 fortitudinem
488 1706 661 1753 tuam.
883 1697 903 1699 “
1200 1697 1455 1754 virtutem
1480 1707 1651 1754 tuam.

150 1861 247 1915 18.
280 1861 480 1917 Vocem
502 1860 650 1918 dedit
669 1862 860 1917 aether.

150 2025 245 2081 19.
280 2025 515 2083 Sonitus
543 2027 770 2083 tonitrui
798 2028 875 2083 tui
900 2028 955 2082 in
988 2035 1127 2083 rota.

1277 2026 1364 2083 19.
1397 2024 1516 2081 Vox
1543 2025 1768 2080 tonitrui
1804 2025 1882 2079 tui
1919 2025 1974 2077 in
1998 2031 2138 2079 rota.

1274 1628 1359 1683 l5.
1409 1626 1605 1681 Notam
1680 1624 1857 1681 fecisti
1911 1624 1967 1680 in
2028 1623 2246 1695 populis
2388 1627 2477 1683 15.

1276 1863 1363 1917 18.
1400 1861 1603 1917 Vocem
1637 1861 1906 1917 dederunt
1943 1860 2140 1915 nubes.
2394 1860 2483 1916 18.

2396 2022 2483 2077 19.
2522 2020 2635 2077 Vox
2664 2021 2890 2077 tonitrui
2914 2021 2992 2075 tui
3018 2021 3073 2076 in
3095 2030 3236 2077 rota.

1274 2259 1341 2315 Et
1370 2257 1720 2315 contremuit.
1752 2254 1984 2326 Reliqui.
2030 2263 2087 2310 et
2113 2269 2249 2309 con-

1205 2346 1365 2388 cussa
1402 2338 1506 2387 εει.

938 2495 1116 2555 Nota)
1142 2498 1204 2554 et
1231 2490 1422 2553 varies
1451 2488 1759 2551 lectiones
1788 2488 1867 2548 ad
1893 2485 2216 2548 Psalmum
2253 2484 2536 2547 LXXVI.

74 2658 325 2714 varietas
356 2657 570 2723 oritur;
621 2656 879 2712 nimirum
919 2655 1013 2709 τοῦ
1052 2654 1121 2727 Ε
1185 2656 1237 2709 in
1289 2654 1365 2717 C,
1409 2668 1531 2725 qua:
1578 2653 1667 2707 lit-

75 2758 215 2803 tera:
250 2746 307 2800 in
348 2762 479 2802 mss.
511 2746 710 2801 unciali
743 2745 1057 2800 charactere
1093 2744 1309 2813 scriptis
1344 2743 1423 2797 sic
1456 2756 1668 2813 semper

78 2820 377 2885 descriptae
398 2828 573 2871 erant.
609 2816 998 2871 Theodotionis
1028 2810 1310 2885 lectionem
1344 2814 1504 2865 habet
1528 2810 1669 2885 Druf

75 2890 222 2943 sius.
275 2881 386 2940 Nec
439 2887 959 2956 praetermittendum
1009 2896 1127 2944 est.
1164 2884 1550 2956 Hieronymum
1598 2881 1667 2934 ad

77 2959 319 3013 Suniam
368 2952 559 3026 legisse
604 2957 669 3009 ad
722 2954 1148 3025 Symmachum,
1201 2952 1512 3024 ἀνηρεύνων
1542 2965 1667 3026 ,ᾑθις

74 3044 191 3099 qua
254 3042 389 3099 voce
420 3020 698 3099 'librarius
757 3020 849 3099 Qui
912 3020 1211 3099 Eusebium
1267 3020 1334 3099 ei
1383 3020 1667 3076 vetustiori

73 3094 386 3169 exemplari
416 3097 724 3165 exscripsit,
757 3096 896 3166 ἀνὴρ
928 3094 1103 3149 συνών
1133 3094 1328 3150 eﬂ‘ecit.

151 3188 225 3243 ν.
254 3189 309 3243 9.
350 3188 433 3249 Σ.,
462 3187 771 3257 συνετέλεσε
798 3194 903 3241 etc.
943 3186 1035 3241 Sic
1066 3187 1198 3257 Reg.
1229 3203 1373 3243 unus
1398 3200 1465 3242 ex
1491 3184 1670 3241 Theo-

76 3261 245 3323 doro,
283 3259 519 3327 itemque
552 3256 928 3312 Theodoretus
954 3266 1010 3310 et
1036 3256 1285 3312 Drusius.

150 3328 223 3380 V.
264 3329 350 3380 10.
380 3328 629 3388 Coislin.,
672 3328 752 3381 Ἀ.

76 3399 267 3453 λοιποὶ
296 3398 517 3463 πάντες,
544 3401 599 3451 εὶ
631 3397 1001 3463 ἐπιλήσεται.

153 3469 227 3523 V.
263 3468 351 3524 11.
401 3469 505 3535 Ἀ.,
539 3468 636 3522 καὶ
666 3464 797 3521 εἶπα
835 3478 941 3523 etc.
989 3466 1235 3537 Aquilae,
1278 3466 1593 3537 Symmachi
1622 3475 1677 3521 et

1771 2628 1984 2694 Quintae
2028 2627 2285 2683 lectiones
2318 2627 2399 2682 sic
2437 2624 2600 2680 habet
2625 2623 2930 2693 Eusebius;
2972 2624 3357 2689 Theodotionis

1774 2699 1977 2752 Regius
2010 2714 2171 2752 unus.

1824 2714 1977 2753 θειιιε
2010 2714 2171 2753 unus.

1894 2812 1907 2824 .
1942 2770 2010 2821 l2
2044 2778 2096 2822 el.
2128 2769 2216 2822 15.
2273 2766 2876 2839 Σ.,ᾉὰνεμιμνησκὸμην
2908 2778 3011 2825 etc.
3064 2768 3154 2826 Sic
3183 2772 3355 2829 Euse-

1772 2839 1918 2903 bius,
1952 2839 2246 2914 Regii_tluo
2273 2847 2327 2891 ct
2370 2837 2621 2914 Drusius.
2655 2837 2939 2914 qui_'habet
2972 2842 3225 2914 προνοξας
3254 2860 3357 2914 pro

1774 2909 2084 3032 περινοίας..
2108 2907 2311 2977 Regius
2351 2924 2513 2971 unus,
2551 2907 2805 2961 ἁναπλῶν
2832 2925 2931 2978 pro
2965 2907 3269 2994 Magram»):

1896 3018 1911 3032 .
1946 2980 2032 3032 14.
2085 2980 2174 3032 Α..
2206 2980 2234 3030 ὁ
2262 2978 2412 3032 Θεὸς.
2457 2980 2514 3030 ὲν
2544 2978 2859 3032 ἡγιασμένω
2887 2990 2989 3032 etc.
3024 2984 3114 3032 Sic
3138 2998 3269 3032 mss.

1896 3018 1911 3032 .
1946 2980 2032 3034 14.
2072 2979 2174 3045 “Α.,
2206 2978 2412 3048 ὁίβεὸς,
2457 2980 2514 3030 ὲν
2544 2978 2859 3048 ἡγιασμένῳ
2887 2990 2989 3035 etc.
3024 2983 3114 3036 Sic
3138 2998 3272 3041 mss.
3302 2993 3359 3039 et

1773 3049 2188 3125 Theodoretus._
2236 3047 2572 3125 Euthymius'
2606 3047 2770 3103 vero:
2831 3047 3191 3121 Symmachus
3256 3071 3354 3125 pro

1771 3130 1956 3174 sancto
1987 3120 2139 3184 dicit,
2169 3119 2228 3171 in
2260 3120 2563 3172 sanctitate.

1849 3189 1908 3242 V.
1944 3190 2028 3244 15.
2060 3191 2144 3252 Σ.,
2168 3189 2436 3259 *γνωστὴν
2476 3200 2582 3259 etc.
2612 3186 2880 3246 Eusebius
2905 3199 2959 3247 et
2984 3190 3347 3251 Colbertinus.

1845 3258 1911 3312 V.
1942 3260 2029 3314 18.
2056 3261 2136 3321 Σ.,
2166 3254 2300 3330 ἦχον
2329 3254 2434 3313 etc.
2464 3258 2810 3315 Colbertinus
2839 3278 3001 3329 unus,
3042 3263 3353 3321 Theodore-

835 3327 953 3391 ὁνος
1020 3327 1114 3380 καὶ
1154 3330 1202 3380 οἱ
1235 3329 1312 3395 0’,
1348 3326 1457 3397 μὴ,
1501 3324 1595 3380 καὶ
1626 3325 1675 3378 οἱ
1772 3337 1863 3384 tus
1889 3339 1942 3383 et
1971 3324 2219 3383 Drusius.

1846 3398 1912 3471 Y.
1944 3400 2046 3471 19.
2102 3402 2207 3460 Ἀ..
2239 3400 2314 3471 0',
2342 3396 2429 3459 Θ..
2452 3398 2611 3471 φωνὴ
2635 3409 2740 3457 etc.
2780 3402 3069 3461 Eusebius.

1847 3468 1983 3523 lbid.
2018 3472 2084 3523 0t
2114 3468 2348 3532 λοιποὶ,
2380 3468 2475 3522 καὶ
2503 3468 2740 3543 saetosi}.
2769 3473 3039 3530 Eusebius
3063 3482 3119 3532 et
3145 3490 3282 3533 mss.

1350 3647 1714 3710 PSALMUS
1774 3651 2093 3712 LXXVII.

408 3774 813 3830 ΣΥΜΜΑΧΟΣ.
1694 3771 1774 3829 θ’.
2641 3780 3045 3838 ΘΕΟΔΟΤῘΩΝ.

145 3944 211 3997 9,,
1274 3941 1329 3994 2.
1361 3941 1451 4019 :Ey
1478 3938 1783 4019 παραϐολῇ.
1838 3940 2068 4006 Ἄλλως
2093 3980 2107 4006 ,
2188 3942 2246 3995 ὲν
2386 3940 2442 3996 2.
2484 3940 2573 3997 Ἐν
2599 3944 2900 4019 παραϐολῇ.

1206 4012 1557 4083 παραϐολαῖς.

157 4102 476 4158 Ἀναϐλύσω
498 4102 858 4175 προϐλήματα
885 4102 1106 4174 ἀρχαῖα.
1240 4106 1577 4187 ’Φθέγξομαι
1607 4104 1966 4179 προϐλήματα
2011 4105 2106 4160 ἀπ’
2145 4107 2245 4178 ἀρ-

1203 4194 1326 4247 χης.

158 4266 218 4321 5.
255 4266 367 4319 Καὶ
394 4264 589 4336 ἔστησε
633 4264 1027 4335 διαμαρτυρίαν
1054 4264 1133 4335 τῷ

1274 4267 1468 4340 5.-Ιςαὶ
1521 4267 1783 4338 ἀνέστησε
1843 4266 2136 4340 μαρτύριον
2188 4269 2247 4322 ὲν
2389 4264 2442 4320 5.

95 4336 319 4393 Ἰακώϐ.
1206 4336 1421 4391 Ἰακώϐ.

156 4428 218 4483 6.
250 4426 361 4480 Καὶ
383 4426 732 4497 διηγήσονται
760 4427 873 4489 τοῖς
896 4426 1029 4488 υἱοῖς
1044 4425 1135 4478 αὐ·
1244 4427 1330 4499 76.
1362 4428 1472 4481 Καὶ
1516 4428 1913 4499 ἀπαγγελοῦσιν
1962 4428 2101 4483 αὐτὰ
2137 4430 2249 4492 τοῖς
2390 4425 2442 4481 6.

81 4498 223 4552 τῶν.
1207 4498 1339 4561 υἱοῖς
1371 4498 1568 4553 αὐτῶν.

161 4593 220 4647 8.
247 4590 414 4647 Γενεὰ
453 4593 683 4663 ausum;
742 4590 836 4645 καὶ
880 4590 1135 4661 προσερί-
1275 4592 1330 4647 8.
1370 4591 1539 4645 Γενεὰ
1560 4592 1747 4647 σκολιὰ
1770 4588 2249 4664 καὶπαραπικραί-
2389 4586 2445 4643 8.

83 4665 281 4729 ζουσα.
1206 4678 1394 4715 νουσα.

396 4778 769 4837 SYMMACHU
779 4780 837 4835 S.
1368 4779 1511 4836 LXX
1556 4778 2061 4837 INTERPRETES.
2627 4779 3037 4840 THEODOTIO.

160 4900 224 4954 2.
1206 4902 1330 5027 ΜΞ.
1361 4901 1422 4956 In
1453 4900 1731 4972 parabola.
1768 4899 1958 4967 Aliter,
1996 4899 2052 4954 in
2079 4913 2242 4971 para-
2382 4897 2521 4954 2.1n
2554 4900 2835 4970 parabola.
2892 4904 2897 4909 “

1296 4989 1363 5027 ιε.

1296 4990 1363 5027 IS.

167 5059 461 5185 Ψ
503 5059 707 5116 επὶ.
736 5059 1136 5131 propositiones
1207 4989 1493 5135 00:21am
1514 5062 1921 5135 propositiones
1950 5063 2025 5119 ab
2062 5060 2240 5117 initio.

159 5224 218 5348 Ξ.
253 5220 320 5275 Et
358 5224 550 5277 statuit
578 5223 1010 5287 testiﬁcationem
1041 5221 1131 5277 Ja-
1199 5292 1223 5346 J
1274 5223 1430 5348 5.bEt
1459 5226 1740 5280 suscitavit
1774 5225 2142 5282 testimonium
2186 5226 2240 5279 in
2387 5224 2442 5279 5.

200 5332 215 5345 .
1231 5309 1328 5348 aco
1371 5335 1383 5347 .

81 5312 215 5351 COD.
1199 5312 1383 5348 JaCOD.

159 5457 217 5510 6.
244 5455 311 5510 Et
338 5456 638 5512 narrabunt
667 5456 791 5513 ﬁliis
818 5458 952 5513 suis.

158 5594 216 5691 θ’.
252 5615 541 5676 Generatlo
582 5618 944 5691 inobsequens
970 5626 1025 5675 et
1060 5619 1127 5675 1i-

83 5687 306 5758 tigiosa.
787 5687 805 5691 “
1196 5700 1348 5742 rans.
1378 5712 1394 5764 ,ι

1273 5455 1323 5508 6.
1349 5452 1415 5507 Et
1442 5454 1840 5512 annuntiabunt
1862 5471 1927 5513 ea
1947 5456 2071 5511 ﬁliis
2102 5457 2238 5512 suis.
2383 5458 2439 5514 6.

1271 5615 1325 5669 8.
1368 5615 1661 5676 Generatio
1712 5633 1877 5690 prava
1911 5627 1967 5677 et
2012 5634 2240 5693 exaspo-
2380 5622 2435 5678 8.
