3852 6216
529 266 657 317 1011

817 378 905 430 ΤΟ
932 376 1296 435 ΕΒΡΑῙΚΟΝ.

526 525 629 601 qm
679 528 696 574 :
752 525 961 579 ama:
1030 502 1233 601 mbae
1278 527 1375 584 Tm
1422 520 1491 601 50

928 660 933 667 .
1026 619 1148 669 an:
1185 594 1292 674 τήν
1329 622 1344 665 ι
1385 596 1563 671 nvn'm

527 755 710 808 ’ἾῚΓῠῚ
778 758 1127 810 mum
1197 760 1351 811 23.1"!
1374 806 1385 811 _
1422 752 1482 805 51

1166 806 1350 885 xii-bu
1374 806 1559 881 διε-πων

526 1056 761 1109 atrum
803 1058 1007 1110 amni
1052 1034 1375 1111 ’ππ-5³η
1407 1054 1491 1111 ,55

1571 266 2045 325 IIEXAPLORUM
2083 268 2247 336 QUAE
2290 267 2719 327 SUPERSUN'I'.

1932 384 2019 435 ΤΟ
2056 384 2400 437 ΕΒΡΑΙΚΟΝ

1711 521 1780 577 50
1841 452 2165 524 Ἑλληνικοῖς
2192 454 2501 526 γράμμασι.

1706 759 1796 814 51.

1710 1062 1799 1117 55.

1368 1108 1551 1185 m3
1640 1155 1647 1161 .

1070 1269 1491 1375 n5mpv‘m35

1134 1432 1388 1509 ἰθ-’ων
1426 1450 1494 1505 36

523 1520 668 1625 ’κῇ
712 1544 796 1625 rm
840 1545 971 1598 πω
1023 1551 1038 1625 ε
1085 1551 1229 1602 D‘m
1266 1552 1396 1603 mm
1426 1542 1494 1597 58

521 1611 667 1687 “N51
719 1611 827 1689 ’Ἕκ
876 1615 1059 1691 νωπὸ
1094 1641 1561 1693 ﬁam-t1-th

1118 1688 1402 1764 ππῖεηέςε
1419 1688 1563 1769 se}:

523 1989 708 2041 --ταγκ
740 1990 832 2042 m'r
866 1992 1082 2044 τιν-ηε
1127 1968 1385 2044 hri-n5
1422 1985 1491 2039 te

1168 2063 1247 2113 ’Β
1259 2067 1295 2082 “’
1309 2063 1407 2115 ’JD
1444 2064 1561 2117 D15

523 2221 713 2273 unum
756 2220 1019 2273 ΞἽἝΠΞ
1067 2224 1383 2277 εγω-Ἴωνι
1418 2217 1489 2272 45

978 2294 1075 2372 put
1089 2298 1125 2311 ·
1140 2297 1301 2347 nm
1337 2297 1559 2349 unam

524 2427 763 2503 am‘mv
803 2454 1009 2505 nni-ie
1058 2430 1169 2506 εὴ
1218 2449 1564 2605 :35:

631 2676 881 2733 VERSIO
918 2679 1233 2734 HEBRAICI
1266 2680 1475 2737 ΤΕΧΤ.

592 2773 680 2829 50.
723 2775 913 2829 Adhuc
960 2791 1083 2829 esca
1128 2792 1317 2830 eorum
1358 2779 1413 2831 in
1467 2793 1564 2833 ore

522 2861 735 2910 eorum,
767 2856 819 2899 et
848 2847 925 2900 ira
969 2846 1060 2898 Dei
1090 2848 1332 2901 ascendit
1359 2848 1413 2901 in
1444 2864 1560 2902 eos.

528 2917 771 2981 "ieram,
809 2932 931 2970 cum
987 2917 1165 2970 adhuc
1208 2918 1365 2971 cibus
1420 2928 1565 2973 esset

523 2986 579 3039 in
638 3000 739 3057 ore
792 3002 1002 3040 eorum.
1054 2985 1229 3041 Furor
1291 3002 1421 3057 ergo
1469 2988 1565 3042 Dei

524 3055 769 3112 ascendit
800 3072 961 3125 super
987 3070 1103 3111 eos.

593 3150 680 3205 51.
701 3150 765 3203 Et
797 3151 992 3205 occidit
1014 3152 1065 3203 in
1105 3151 1330 3220 pingues
1350 3166 1560 3217 eorum,

522 3231 577 3275 et
661 3222 865 3275 electos
964 3221 1127 3274 Israel
1230 3222 1553 3275 incurvavit.

526 3291 768 3355 Hierom,
821 3301 874 3344 et
920 3292 1119 3345 occidit
1190 3292 1413 3359 pingues
1466 3308 1555 3344 eo-

523 3377 670 3426 rum,
697 3368 751 3415 et
794 3361 995 3415 electos
1043 3360 1208 3415 Israel
1241 3362 1559 3416 incurvavit.

591 3458 683 3511 33.
731 3456 796 3509 Et
834 3457 1174 3525 consumpsit
1233 3458 1286 3509 in
1320 3458 1562 3511 vanitate

521 3527 639 3582 dies
692 3542 901 3591 eorum,
948 3536 1002 3580 et
1048 3542 1219 3581 annos
1266 3542 1454 3580 eorum
1505 3527 1559 3579 in

525 3606 752 3651 terrore.
786 3598 1025 3659 Hieron.,
1062 3605 1115 3650 et
1136 3601 1473 3666 consumpsit
1504 3596 1558 3649 in

522 3668 760 3721 vanitate
784 3668 898 3722 dies
929 3681 1139 3731 eorum,
1180 3674 1234 3721 et
1274 3682 1445 3722 annos
1466 3682 1558 3721 eo-

520 3753 643 3792 rum
674 3737 947 3792 velociter.

595 3828 681 3883 35.
734 3829 993 3883 Excelsus
1026 3827 1331 3898 redemptor
1368 3842 1554 3882 eorum

520 3908 623 3955 est.
660 3898 901 3962 Ηὲενοη..
936 3899 1011 3952 id.

591 3988 681 4044 36.
707 3988 916 4044 Mcutiti
941 3999 1069 4044 sunt
1095 3990 1165 4045 ei.
1195 3987 1438 4053 Hierom,
1477 3988 1553 4041 id.

592 4082 681 4137 38.
711 4083 778 4136 Et
828 4083 941 4152 ipse
988 4083 1320 4149 misericors,
1377 4084 1558 4152 propi-

520 4154 746 4209 tiabitur
779 4154 1073 4222 iniquitati,
1105 4162 1158 4209 et
1205 4170 1313 4209 non
1346 4154 1557 4221 disper-

520 4225 644 4279 det:
687 4233 741 4293 et
774 4225 1153 4293 multiplicabit
1192 4225 1259 4279 ad
1306 4232 1555 4276 averten-

520 4295 649 4349 dum
693 4292 947 4349 furorem,
966 4310 1169 4349 suum:
1212 4303 1265 4347 et
1298 4309 1403 4346 non
1438 4307 1560 4345 sus-

522 4364 711 4419 citabit
774 4380 989 4418 onmem
1035 4365 1170 4417 iram
1220 4378 1393 4417 suam.
1433 4361 1563 4413 Hie-

521 4451 663 4499 ron.,
700 4435 815 4504 ipse
858 4450 987 4489 vero
1022 4433 1332 4489 misericors
1374 4431 1559 4504 propi-

521 4502 744 4559 tiabitui'
764 4504 1055 4575 iniquitati,
1069 4514 1122 4558 et
1144 4520 1249 4558 non
1265 4502 1558 4570 disperdet,

519 4574 871 4644 multumque
892 4574 1083 4629 avertit
1106 4575 1241 4644 iram
1281 4587 1457 4636 suam,
1506 4582 1561 4624 et

519 4661 627 4699 non
643 4646 920 4701 suscitavit
936 4653 1107 4698 totum
1125 4643 1361 4697 furorem
1379 4655 1557 4695 suum.

591 4737 681 4790 42.
712 4736 833 4790 Non
876 4745 1003 4790 sunt
1048 4734 1313 4790 recordati
1363 4746 1559 4785 manus

519 4805 661 4875 ejus,
693 4807 797 4861 diei
830 4822 939 4875 qua
968 4806 1197 4860 redemit
1236 4819 1330 4859 eos
1359 4804 1425 4856 de
1462 4816 1558 4854 an-

522 4878 719 4950 gustia.
768 4876 1013 4950 Ilieron.,
1052 4891 1161 4950 non
1200 4883 1327 4929 sunt
1372 4885 1556 4950 recorf

519 4943 631 5000 dati
663 4962 856 5000 manus
881 4946 1031 5014 ejus:
1055 4945 1162 5000 diei
1195 4960 1302 5015 qua
1333 4943 1559 4998 redemit

516 5031 611 5073 eos
641 5032 673 5071 a
701 5016 1013 5070 tribulante.

591 5106 678 5161 43.
708 5106 813 5174 Qui
837 5106 1021 5175 posuit
1046 5106 1102 5161 in
1130 5105 1363 5177 Egypto
1404 5108 1556 5177 signa

518 5192 643 5243 sua,
698 5187 752 5232 et
800 5185 1051 5245 portenta
1104 5192 1201 5231 sua
1256 5178 1309 5231 in
1366 5192 1558 5245 campo

520 5247 725 5302 Sohau.
762 5247 1008 5312 Hierom,
1033 5248 1127 5315 qui
1161 5247 1368 5301 fecit'in
1394 5247 1558 5317 IEgy-

518 5328 613 5387 pto
653 5318 808 5388 signa
842 5333 962 5382 sua,
1016 5326 1072 5371 et
1114 5326 1325 5372 ostenta
1372 5332 1471 5372 sua
1501 5320 1556 5371 iu

521 5386 726 5456 eampo
739 5386 970 5442 Taneos.

590 5479 678 5532 44.
724 5478 791 5533 Et
822 5480 1189 5551 convertitin
1238 5481 1555 5551 sanguinem

521 5549 669 5605 rivos
706 5564 925 5609 eorum.
983 5562 1038 5603 et
1091 5550 1293 5605 ﬂuenta
1342 5549 1552 5615 eorum,

525 5635 592 5672 ne
609 5619 872 5672 biberent.
906 5620 1146 5683 Hieron.,
1173 5624 1267 5689 qui
1292 5623 1556 5675 convertit

526 5689 579 5739 in
628 5689 942 5755 sanguinem
996 5689 1190 5743 ﬂuvios
1244 5705 1452 5753 eorum,
1500 5700 1555 5745 et

524 5758 670 5811 rivos
698 5772 887 5811 eorum
914 5774 981 5812 ne
1008 5759 1272 5815 biberent.

1708 1292 1801 1347 55.

1697 1452 1791 1508 56.

1703 1543 1799 1598 58.

1705 1986 1803 2041 42.

1705 2218 1799 2273 45.

1704 2449 1795 2501 44.

1845 2681 2171 2739 VULGATA
2202 2681 2477 2741 LATINA.

1707 2780 1796 2833 30.
1827 2780 2020 2834 Adhuc
2052 2794 2191 2833 esca:
2224 2795 2410 2834 eorum
2438 2788 2593 2833 erant
2622 2780 2673 2833 in

1638 2864 1731 2904 ore
1760 2853 2022 2919 ipsorum,
2062 2859 2116 2904 et
2159 2850 2242 2904 ira
2284 2851 2380 2905 Dei
2436 2852 2679 2906 ascendit

1638 2935 1801 2991 super
1832 2936 1948 2975 eos.

1707 3152 1793 3205 51.
1838 3152 1905 3206 Et
1933 3154 2132 3207 occidit
2182 3154 2407 3223 pingues
2460 3168 2670 3216 eorum,

1634 3233 1683 3277 el
1717 3225 1916 3278 electas
1944 3223 2108 3279 Israel
2136 3225 2432 3294 impedivit.

1704 3456 1790 3509 55.
1842 3456 1901 3509 Et
1960 3456 2272 3510 defecerunt
2320 3458 2370 3509 in
2434 3458 2671 3511 vanitate

1632 3527 1748 3579 dies
1794 3541 2003 3590 eorum,
2039 3540 2092 3582 et
2130 3529 2255 3581 anni
2307 3544 2494 3581 eorum
2544 3544 2667 3581 cum

1632 3597 1998 3652 festinatimie.

1702 3827 1785 3880 35.
1826 3826 2083 3881 Excelsus
2130 3827 2439 3898 redemptor
2480 3845 2666 3885 eorum

1630 3908 1730 3951 est.

1698 3988 1785 4040 36.
1822 3986 2023 4041 Mentiti
2056 3997 2183 4042 sunt
2214 3988 2283 4041 ei.

1703 4080 1793 4133 58.
1827 4077 1946 4147 Ipse
1984 4089 2163 4133 autem
2202 4088 2285 4132 est
2337 4078 2667 4142 misericors,

1633 4160 1685 4202 et
1733 4151 1998 4217 propitius
2042 4150 2129 4203 (iet
2171 4151 2405 4217 peccatis
2439 4165 2664 4202 eorum:

1631 4229 1685 4273 et
1712 4235 1817 4271 non
1842 4221 2117 4285 ilisperdet
2141 4235 2254 4273 eos.
2284 4219 2349 4272 Et
2377 4220 2671 4271 abundavit

1635 4298 1691 4341 ut
1718 4298 1984 4343 averteret
2014 4290 2147 4342 il‘ﬂlll
2176 4305 2351 4350 suam,
2382 4299 2562 4342 etnon
2582 4306 2671 4342 3t:-

1633 4360 1815 4414 cendit
1878 4375 2093 4413 omnem
2123 4360 2257 4412 iram
2283 4374 2461 4419 suam,

1703 4734 1794 4787 42.
1826 4732 1945 4787 Non
2000 4741 2127 4787 sunt
2177 4734 2439 4787 recordati
2474 4750 2669 4789 manus

1629 4803 1768 4871 ejus,
1800 4805 1889 4858 die
1917 4819 2023 4872 qua
2056 4803 2281 4858 redemit
2302 4820 2397 4859 eos
2417 4807 2483 4859 de
2506 4822 2670 4859 malm

1630 4874 1962 4928 tribulantis.

1697 5107 1787 5160 43.
1821 5104 1975 5160 Sicut
2012 5106 2193 5176 posuit
2237 5106 2289 5159 in
2331 5105 2565 5177 Egyth
2599 5122 2672 5158 sr-

1666 5192 1731 5230 ua
1764 5191 1885 5242 sua,
1914 5186 1969 5230 et
1998 5177 2240 5247 prodigia
2267 5192 2366 5231 sua
2394 5179 2448 5230 in
2479 5192 2673 5245 campo

1674 5262 1859 5302 aneos.

1696 5472 1786 5533 ιι.
1826 5479 1893 5533 Ει
1936 5478 2199 5533 convertit
2250 5479 2302 5532 in
2346 5478 2669 5547 sanguinem

1628 5550 1854 5604 ﬂumina
1884 5564 2097 5618 eorum,
2135 5558 2187 5604 et
2217 5549 2418 5604 imbres
2452 5560 2666 5611 eurum,

1628 5636 1695 5675 ne
1720 5621 1982 5675 biberent.

3658 266 3770 331 {bii

3098 386 3392 441 ΔΚΥΛΔΣ.

2818 522 2911 581 50.

2791 754 2906 842 βξ.
2946 756 3055 807 Καὶ
3091 755 3409 809 ἀπέκτεινεν
3455 758 3516 809 ὲν
3540 757 3781 829 λιπαροῖς

2745 842 2964 879 αυτων..
2977 865 3014 878 ..

2818 1060 2905 1113 55.
2935 1060 3044 1112 Καὶ
3094 1058 3436 1111 συνετέλεσεν
3494 1059 3576 1120 ὡς
3626 1059 3781 1127 dmin

2748 1128 2844 1193 τὰς
2865 1131 3076 1200 ἡμέρας
3097 1130 3289 1195 αὐτῶν,
3316 1130 3408 1183 καὶ
3447 1129 3517 1181 τὰ
3550 1130 3653 1199 ἐτη

2747 1200 2854 1251 τῶν
2880 1201 3148 1253 κατέσπευ
3156 1216 3265 1254 σεν.

2825 1291 2915 1346 55.

2820 1452 2909 1511 56.
2940 1453 3266 1523 Ἐψεύσαντο
3292 1453 3465 1526 αὐτῷ.

2821 1542 2906 1597 58.

2818 1986 2908 2041 42.

2817 2218 2903 2272 43.

2812 2450 2899 2504 44.
2930 2451 2995 2502 Αἱ
3026 2420 3345 2521 καέὰρῤοιαι
3377 2449 3576 2504 αὐτῶν.

3128 2679 3406 2746 AQUILA.

2822 2779 2910 2833 50.

2816 3153 2905 3206 3|.
2940 3152 3003 3206 Et
3030 3152 3229 3208 occidit
3257 3151 3311 3206 in
3363 3147 3662 3223 pinguibus
3684 3146 3776 3206 e04

2746 3238 2937 3277 rum...

2815 3456 2902 3509 55.
2930 3456 2991 3507 Et
3025 3456 3365 3526 consumpsit
3412 3466 3477 3510 ut
3525 3442 3775 3524 vaporem

2741 3526 2857 3648 fies
2891 3542 3102 3606 eorum,
3134 3538 3187 3581 ct
3220 3542 3394 3581 annos
3417 3543 3613 3582 eorum
3640 3540 3775 3581 acea

2762 3606 2949 3649 erant.

2762 3612 2949 3651 GI'IIVIl.

2814 3830 2904 3884 55.

2814 3990 2899 4042 36.
2937 3987 3139 4042 Mentiti
3167 3997 3290 4043 sunt
3315 3990 3387 4044 ei.

2816 4082 2912 4135 58..

2817 5104 2905 5158 45.

2814 5476 2901 5531 ιι.
2941 5473 3193 5530 υριὶιιιιιε
3224 5485 3438 5528 eorum.
