3852 6216
450 248 590 308 1019

737 366 824 419 T0
850 367 1217 423 EBPAIKON.

728 515 927 571 warm
962 490 1139 569 urbe
1173 516 1312 572 mw
1348 508 1416 565 59

825 648 1051 728 5m
1086 679 1211 729 1m:
1243 677 1419 729 cum

447 832 554 915 pm
606 804 752 888 “ante
814 810 920 887 15w
974 837 1131 917 pun:
1163 838 1313 890 unm
1333 830 1488 963 ἓξὲκέ

1350 1061 1413 1116 61

1350 1068 1413 1116 σι

447 1129 668 1208 inin-uni
730 1156 841 1215 την
912 1133 1062 1213 3Tb
1130 1068 1490 1289 ηλοῗξὲω

1054 1366 1203 1442 π’ὺπτι
1242 1366 1313 1441 N5
1346 1384 1417 1439 65

709 1474 910 1528 mum
946 1453 1019 1529 δι’)
1055 1455 1313 1533 umidam
1348 1474 1418 1528 64

784 1634 904 1713 rm
938 1635 1120 1715 pm
1153 1638 1315 1691 πω)
1352 1629 1422 1685 65

616 1797 814 1875 impr:
849 1799 1006 1850 cum
1021 1801 1175 1853 "an:
1210 1802 1316 1884 pm
1351 1792 1419 1850 69

890 1938 1058 2019 ἐγώ
1093 1965 1225 2018 mm
1261 1962 1420 2042 V'lND

774 2124 937 2176 1mm
973 2100 1107 2183 τῶν
1144 2130 1314 2181 man
1351 2120 1413 2172 71

450 2285 582 2341 una
608 2286 722 2342 re:
750 2264 1163 2343 11111211211135
1194 2293 1311 2345 an:
1351 2284 1421 2338 72

555 2581 806 2639 VERSIO
836 2585 1158 2641 HEBRAICI
1197 2586 1399 2643 ΤΕΧΤ.

525 2678 611 2733 59.
643 2680 863 2734 Audivit
892 2681 1056 2745 Deus,
1107 2691 1162 2735 et
1190 2682 1359 2738 iratus
1388 2692 1489 2738 est.

452 2748 699 2874 ἷιῖςῖοηη
731 2753 936 2807 audivit
956 2752 1117 2818 Deus,
1163 2761 1217 2807 et
1244 2769 1352 2808 non
1385 2755 1495 2809 dis-

476 2837 545 2874 υι
579 2861 593 2874 .

476 2837 593 2875 υιιι.

521 2911 589 2965 Et
616 2913 927 2981 reprobavit
955 2916 1111 2971 valde
1140 2914 1326 2971 Israel.
1360 2915 1494 2970 Ilie—

453 2998 597 3047 ron.,
647 2993 701 3037 et
729 2985 955 3053 projecit
986 2987 1141 3041 valde
1168 2986 1351 3041 Israel.

522 3073 611 3127 60.
676 3074 743 3128 Et
807 3076 1028 3145 reliquit
1084 3076 1492 3132 tabernaculum

455 3144 608 3199 Silo:
648 3144 941 3199 tentorium
975 3147 1258 3200 collocavit
1300 3147 1353 3200 in
1391 3148 1493 3201 ho-

454 3217 618 3268 mine.
674 3214 918 3280 Hierou.,
957 3227 1010 3271 et
1050 3218 1270 3284 reliquit
1318 3218 1499 3271 tabero

455 3286 709 3358 naculum
774 3287 929 3341 Silo:
1005 3289 1296 3342 tentorium
1352 3288 1498 3358 quod

453 3356 738 3410 collocavit
764 3358 903 3411 inter
930 3358 1195 3413 homines.

525 3449 613 3502 61.
632 3448 1026 3504 Fortitudinem
1051 3465 1226 3506 suam.
1247 3448 1494 3518 Πίθωνι,

455 3520 682 3591 gloriam
714 3535 923 3574 eorum.

525 3608 614 3665 62.
646 3608 713 3663 Et
757 3611 980 3665 tradidit
1024 3610 1202 3680 gladio
1236 3612 1497 3681 populum

457 3696 661 3736 suum:
713 3691 766 3734 et
822 3682 876 3734 in
930 3683 1293 3737 hereditatem
1343 3699 1499 3737 suam

457 3752 626 3804 iratus
668 3759 770 3807 est.
832 3750 1075 3817 Hierom,
1131 3762 1186 3806 et
1234 3754 1501 3808 conclusit

458 3822 511 3875 in
569 3821 750 3889 gladio
797 3823 1056 3890 populum
1089 3838 1271 3890 suum,
1336 3832 1390 3877 et
1444 3825 1500 3877 in

458 3891 829 3946 haereditatem
891 3908 1045 3947 suam
1102 3910 1214 3947 non
1268 3893 1498 3947 distulit.

529 3982 617 4037 65.
654 3980 771 4034 Non
817 3983 1170 4051 epithalamio
1218 3984 1503 4039 celebratae

459 4061 608 4108 sunt.
639 4051 883 4119 Hierom,
918 4069 1076 4107 nemo
1106 4055 1260 4109 luxit.

414 4194 417 4195 ν
533 4144 621 4199 64.
646 4143 712 4198 Ει
733 4144 908 4198 viduae
936 4145 1054 4213 ejus
1084 4160 1191 4199 non
1217 4145 1499 4201 ﬂeverunt.

456 4213 707 4339 1ςιὶειιποηη
754 4226 808 4269 et
843 4216 1018 4270 viduae
1063 4217 1180 4285 ejus
1227 4232 1335 4271 non
1379 4226 1505 4272 sunt

496 4294 618 4341 ειω.

530 4379 619 4433 65.
673 4376 993 4447 Tamquam
1056 4386 1250 4447 potens
1320 4377 1505 4432 excla-

456 4464 617 4503 mans
650 4462 756 4516 prae
781 4446 927 4501 vino.
949 4446 1190 4517 Hierom,
1222 4451 1378 4519 quasi
1402 4448 1506 4503 for-

461 4520 680 4587 tis‘post
717 4520 995 4587 crapulam
1025 4519 1156 4574 vini.

529 4615 618 4670 69.
672 4614 738 4668 Et
775 4615 1061 4669 aediﬁcavit
1099 4615 1240 4671 sicut
1288 4616 1505 4673 excelsa

460 4687 831 4743 sanctuarium
866 4701 1046 4739 suum.
1081 4685 1324 4752 Hierom,
1356 4696 1409 4740 et
1432 4703 1506 4741 te-

459 4756 699 4810 diticavit
739 4756 793 4808 in
848 4756 1199 4811 similitudine
1246 4771 1502 4811 monoce-

460 4828 596 4882 rotis
625 4828 998 4880 sanctuarium
1031 4842 1215 4880 suum.

533 4914 688 4971 Sicut
715 4925 915 4970 terram
972 4915 1220 4970 fundavit
1276 4931 1396 4971 eam
1444 4917 1501 4972 in

462 4988 744 5045 saeculum.
792 4986 1051 5049 Hieron.,
1099 4988 1260 5055 quasi
1303 4996 1505 5041 terram

462 5058 712 5125 fundavit
741 5057 871 5110 illud
898 5058 952 5109 in
983 5058 1264 5110 saeculum.

535 5150 626 5202 7l.
654 5147 727 5202 De
746 5155 870 5217 post
892 5146 1053 5201 {mtas
1094 5147 1319 5203 adduxit
1356 5163 1503 5202 eum.

467 5219 717 5283 Hierom,
745 5227 1060 5288 sequentem
1088 5218 1246 5273 laetas
1284 5218 1511 5274 adduxit

464 5303 613 5347 eum.

543 5379 634 5450 72.
709 5378 1021 5434 Secundum
1104 5380 1508 5450 simplicitatem

1532 246 2003 307 HEXAPLORUM
2043 247 2208 315 QUAE
2248 246 2676 307 SUPERSUNT.

1874 365 1961 416 ΤΟ
2004 364 2349 416 ΕΒΡΛΙΚΟΝ

1640 502 1707 557 59
1745 432 2073 505 Ἑλληνικοῖς
2105 435 2411 506 γράμμασι.

1633 825 1720 881 60.

1631 1056 1720 1111 61.

1636 1148 1728 1202 6‘2.

1626 1377 1716 1433 6'5.

1631 1471 1723 1531 64.

1634 1630 1727 1688 65.

1630 1792 1723 1849 69.

1642 2118 1731 2174 71.

1636 2281 1728 2336 72.

1763 2585 2095 2644 VULGATA
2131 2585 2403 2641 LATINA.

1640 2685 1727 2740 59.
1759 2684 1981 2738 Audivit
2005 2682 2166 2749 Deus,
2195 2691 2249 2737 et
2274 2680 2496 2752 sprevit.

1638 2913 1705 3037 Ιῗι
1739 2878 1813 2969 ad,
1836 2911 2065 2967 nihilum
2098 2912 2303 2983 redegit
2352 2912 2506 2969 valde
2532 2912 2609 2968 ls-

1638 3001 1660 3037 e
1687 3026 1700 3037 .

1567 3000 1700 3039 rael.

1637 3075 1726 3129 60.
1793 3073 1861 3129 Et
1924 3076 2123 3145 repulit
2198 3076 2609 3131 tabernaculum

1571 3144 1707 3210 Silo,
1739 3144 2150 3205 tabernaculum
2179 3162 2358 3212 suum,
2391 3146 2485 3201 ubi
2513 3148 2610 3200 ha-

1568 3216 1759 3273 bitavit
1792 3219 1845 3271 in
1874 3216 2211 3273 hominibus.

1641 3449 1730 3505 61.
1761 3448 2028 3504 Virtutem
2059 3463 2271 3504 eorum.

1642 3612 1731 3666 62.
1772 3610 1839 3665 Et
1870 3611 2142 3667 conclusit
2188 3610 2244 3665 in
2292 3608 2470 3679 gladio
2507 3623 2607 3678 po-

1576 3683 1763 3751 pulum
1840 3697 2041 3763 suum,
2118 3690 2173 3736 et
2243 3681 2610 3735 haereditatem

1574 3767 1728 3808 luam
1751 3762 1972 3823 sprevit.

1646 3984 1735 4038 63.
1762 3982 1881 4037 Non
1914 3991 2041 4038 sunt
2062 3983 2382 4037 lamentatae.

1647 4148 1734 4204 61.
1763 4148 1829 4204 Et
1858 4149 2029 4204 viduae
2059 4164 2249 4204 eorum
2281 4163 2389 4202 non
2438 4147 2614 4217 plora-

1575 4219 1791 4275 bantur.

1646 4384 1735 4438 65.
1771 4382 2070 4465 rtamquam
2120 4389 2312 4451 potens
2362 4380 2613 4450 crapula-

1576 4461 1666 4509 tus
1693 4470 1724 4508 a
1753 4461 1899 4507 vino.

1646 4615 1736 4669 69.
1768 4614 1832 4668 Et
1878 4612 2164 4667 aediﬁcavit
2209 4612 2352 4666 sicut
2398 4613 2617 4666 unicor-

1577 4686 1731 4741 nium
1759 4684 2119 4740 sanctiﬁcium
2153 4698 2334 4739 suum.

1645 4917 1706 4971 In
1734 4924 1882 4972 terra
1918 4926 2082 4986 quam

2130 4912 2378 4969 fundavit
2420 4912 2477 4967 in
2511 4926 2613 4969 sa:-

1576 4988 1719 5043 cula.
2126 5020 2127 5023 η

1653 5150 1740 5205 7l.
1794 5148 1873 5205 De
1923 5157 2047 5220 post
2107 5146 2362 5204 fmtantes
2416 5146 2623 5219 accepit

1579 5235 1726 5276 eum.

1656 5380 1746 5433 72.
1773 5379 1829 5433 ln
1864 5380 2174 5436 innocentia
2202 5380 2386 5435 cordis
2416 5382 2522 5444 sui,
2570 5389 2625 5435 et

3578 242 3711 297 10%

3036 357 3349 413 AKTAAZ.‘

2743 500 2829 555 59.
2857 501 3123 554 Ἤκουσεν
3152 498 3327 563 ὁΘεὸς
3350 497 3448 552 καὶ
3479 497 3714 567 ἀνυπερ-

2672 570 2912 641 θέτησεν.

2746 821 2834 877 60.

2743 1056 2829 1111 61.
2864 1054 3078 1125 Κράτος
3110 1052 3308 1109 αὐτῶν.

2742 1148 2833 1204 62.
2924 1172 2929 1179 ·

2742 1377 2831 1432 65.
2865 1377 2977 1447 Οὐχ
3007 1376 3358 1448 ὑμνήθησαν.’

2745 1470 2836 1526 64.

2742 1632 2831 1687 65.
2877 1632 2964 1695 Ὦς
2987 1630 3207 1695 δυνατὸς
3252 1629 3719 1700 κεκραιπαληκὼς

2672 1702 2733 1767 ἐξ
2761 1703 2924 1759 οἴνου,

2742 1796 2830 1875 βθς
2863 1796 2971 1875 tm
2990 1795 3335 1875 ᾠκοδςίωλσεν
3356 1794 3556 1865 ὁμοίως

2672 1866 2781 1930 λοῐς
2806 1866 3053 1938 ἁγίασμσ.
3084 1866 3272 1920 αὑτοῦ.

2743 2117 2833 2170 7l.
2888 2116 3019 2169 Ἀπὸ
3071 2114 3292 2169 ὄπισθεν
3342 2113 3722 2184 λοχευομένων

2674 2189 2880 2259 ἢγαγεν
2917 2187 3100 2242 αὐτόν.

2744 2281 2831 2334 72.
2864 2280 3019 2334 Κατὰ
3042 2281 3139 2351 τὴν
3160 2278 3434 2349 ἁπλότητα
3463 2277 3567 2347 τῆς
3592 2294 3724 2348 καρ-

2673 2351 2790 2415 δίας
2830 2351 3014 2412 αὑτοῦ,
3057 2352 3149 2403 καὶ
3186 2353 3243 2404 ἐν
3279 2351 3538 2419 φρονήσει
3591 2366 3722 2419 ταρ-

2676 2420 2782 2475 σῶν
2813 2420 2977 2476 αὑτοῦ
3000 2421 3382 2491 καθωδήγηπεν
3400 2419 3623 2481 αὐτούς.

3056 2582 3335 2650 AQUlLA.

2679 2751 2713 2805 r
2750 2680 2839 2736 59.
2868 2679 3087 2736 Audivit
3126 2679 3288 2743 Deus,
3321 2686 3376 2733 ct
3403 2692 3510 2732 non
3544 2675 3722 2730 distu-

2703 2760 2759 2805 Il.

2703 2760 2759 2805 ll.

2751 3069 2843 3125 60.

2752 3440 2839 3497 61.
2885 3438 3071 3496 Robur
3098 3454 3308 3495 eorum.

2755 3601 2845 3659 62.

2754 3977 2843 4032 65.
2871 3974 2986 4031 Non
3016 3973 3234 4047 hymnis
3255 3972 3543 4029 celebratae
3577 3980 3728 4027 sunt.

2760 4137 2851 4193 61.

2756 4374 2845 4427 65.
2879 4371 3182 4455 Tamquam
3228 4380 3425 4442 potens
3477 4370 3728 4439 crapula—

2686 4452 2772 4499 tus
2800 4462 2827 4498 a
2860 4452 3004 4497 vino.

2759 4606 2848 4660 69.
2888 4604 2952 4657 Et
2976 4601 3263 4658 aediﬁcavit
3287 4600 3464 4655 simile
3494 4599 3734 4655 excelsis

2689 4676 3050 4733 sanctiﬁcium
3076 4687 3258 4729 suum.

2764 5142 2852 5197 7l.
2877 5140 2954 5198 De
2974 5150 3099 5213 post
3129 5139 3291 5197 Retas
3321 5137 3549 5195 adduxit
3585 5151 3729 5193 eum.

2769 5375 2856 5429 72.
2939 5371 3251 5429 Secundum
3332 5369 3729 5439 simplicitatem

470 5448 654 5505 cordis
676 5452 785 5513 sui,
813 5450 941 5504 etin
967 5439 1335 5518 intelligentiis
1364 5453 1512 5506 vola-
1584 5452 1639 5506 in
1687 5451 1991 5507 intellectibi

2210 5466 2348 5507 .uum
2399 5439 2623 5508 suarum
2698 5446 2881 5501 cordis
2918 5445 3028 5509 sui,
3075 5452 3130 5518 et
3172 5445 3227 5518 i_n
3259 5440 3543 5518 prudentia
3588 5439 3731 5492 vola-

469 5532 846 5591 tum‘suarum
899 5520 1055 5574 duxit
1108 5535 1224 5576 eos.
1268 5522 1510 5591 Hieron"

472 5592 531 5646 in
579 5588 921 5657 simplicitate
960 5591 1142 5646 cordis
1193 5588 1305 5655 sui.
1351 5602 1405 5647 et
1457 5595 1509 5646 in

474 5659 766 5737 prudentia
812 5676 1073 5716 manuum
1127 5678 1351 5737 suarum
1406 5665 1513 5719 dux

475 5726 667 5784 eorum
694 5726 816 5784 fuit.

1585 5523 1807 5581 deduxit
1828 5536 1942 5579 eos.

2696 5532 2816 5572 rum
2848 5530 3074 5571 suarum
3100 5512 3324 5570 deduxit
3351 5526 3465 5567 eos.
