3852 6216
368 332 507 391 1059

1428 326 1900 384 HEXAPLORUM
1937 326 2104 395 QUAE
2146 327 2578 388 SUPERSUNT.

3500 337 3530 391 1
3541 335 3654 392 046

1185 445 1358 507 Notae
1387 449 1448 505 et
1481 443 1667 504 variae
1717 442 2031 506 lectiones
2069 444 2144 506 ad
2189 446 2512 508 Psalmum
2553 447 2831 509 LXXXI.

434 547 501 605 ν.
537 551 588 604 1.
628 547 1103 620 ΪΛη-Θεδςᾉέστη
1130 555 1236 603 etc.
1285 545 1604 604 Versiunem
1647 545 1857 618 Aquilae
1894 553 1949 602 et

2061 549 2313 604 mendum
2348 565 2446 619 pro
2495 550 2690 620 ἀτόνῳ,
2726 550 2960 619 inﬁrmo.
3014 547 3151 605 Nam
3198 551 3385 619 psalm.
3434 566 3564 614 cur,
3619 552 3654 604 6

366 618 683 691 Symmachi
710 618 886 674 adfert
910 617 1204 691 Eusebius.

435 688 501 746 V.
528 691 583 746 5.
626 690 733 756 ’A.,
774 689 954 763 ἀραιῷ
989 700 1097 745 etc.
1141 689 1392 744 Drusius.
1439 689 1497 740 Σ.
1521 728 1536 752 ,
1571 685 1772 758 ἀγόνῳ,
1813 684 1953 742 forte

645 995 734 1050 ΤΟ
763 993 1133 1049 ΕΒΡΑΙΚΟΝ.

927 1140 1272 1242 aptari-5m
1306 1157 1342 1211 2

367 1262 624 1340 Tum
657 1259 835 1343 rem
863 1259 1050 1332 1W
1081 1248 1344 1343 catae

1102 1331 1234 1380 ΨΝἾ
1270 1329 1410 1379 -ωεωι

365 1492 576 1554 mn
620 1494 716 1546 TD
765 1491 963 1549 tim-1m
1013 1465 1341 1566 ’της-’794

278 1570 283 1574 ’
303 1571 306 1574 ’
1043 1557 1054 1566 ’
1087 1585 1275 1658 Tum:
1291 1587 1327 1600 -
1339 1557 1411 1637 ’τε

577 1728 703 1784 ’πλη
736 1727 959 1783 ενι-βπ
993 1700 1082 1778 1:5
1115 1725 1269 1776 has
1307 1715 1339 1768 5

1088 1862 1267 1940 ηυδε)
1305 1878 1338 1932 8

980 1983 1270 2033 wars-t3:
1306 1971 1340 2023 9

765 2050 920 2126 r315"
941 2049 1059 2125 ’πῖ-ὼ
1093 2074 1220 2128 m-n
1255 2070 1339 2120 vn

366 2242 471 2312 xm
534 2239 620 2294 νη
686 2237 985 2292 ’τμη-τω
1046 2227 1328 2312 πενίῃ

1214 2276 1410 2355 ἦνέτκῆ

748 2376 928 2454 ῠντὺκ
962 2401 1235 2452 mss-nu
1274 2389 1339 2441 15

1061 2485 1232 2535 UNDE
1272 2475 1334 2528 17

688 2581 808 2635 mm
844 2581 988 2653 1m:
1022 2581 1142 2629 nm
1178 2576 1231 2626 ν)
1271 2567 1336 2622 l9

456 2692 707 2751 VERSIO
746 2689 1066 2746 HEBRAICI
1106 2686 1312 2742 ΤΕΧΤ.

433 2815 490 2870 2.
505 2812 571 2867 Et
602 2826 711 2866 non
743 2809 1014 2878 quiescas.
1047 2805 1292 2870 Hierom,
1325 2805 1402 2860 id.

434 2907 489 2961 5.
534 2901 804 2970 Quoniam
869 2912 996 2953 ecce
1058 2897 1266 2970 inimici
1324 2897 1405 2950 tui

1621 883 1990 948 PSALMUS
2043 880 2364 944 LXXXII.

1784 987 1873 1038 T0
1902 982 2250 1036 ΕΒΡΑΙΚΟΝ

1670 1055 2000 1127 Ἑλληνικοῖς
2033 1053 2348 1124 γράμμασι.

1553 1152 1610 1206 2.

1553 1245 1609 1300 5.

1552 1479 1605 1533 4.

1551 1711 1607 1770 5.

1554 1874 1608 1926 8.

1553 1967 1610 2021 9.

1554 2217 1642 2273 ll.

1557 2383 1642 2436 15.

1553 2474 1640 2526 17.

1560 2566 1639 2620 19.

1683 2683 2008 2740 VULGATA
2044 2683 2317 2739 LATINA.

1550 2804 1604 2858 2.
1630 2803 1818 2875 Neque
1845 2805 2233 2874 compescaris.

1551 2895 1605 2950 5.
1668 2895 1936 2961 Quoniam
1996 2911 2123 2951 ecce
2182 2894 2386 2949 inimici
2439 2892 2516 2947 lui

2061 638 2422 712 Symmachus
2450 623 2602 701 311151
2623 643 2783 695 vertit
2823 639 3086 710 ὴτόνησα,
3117 649 3172 694 et
3203 624 3269 700 ’Π
3305 642 3406 707 Ἀ.,
3435 643 3658 708 ἄτονος,

2962 985 3268 1042 ΔΚΥΛΑΣ.

2663 1149 2718 1203 2.
2751 1151 2864 1204 Καὶ
2905 1151 2978 1221 μὴ
3010 1153 3411 1224 καθησυχάσῃς.

2665 1244 2718 1297 5.
2753 1244 2874 1318 Ὅτι
2906 1245 3014 1298 ἰδοὺ
3043 1246 3093 1297 οἱ
3114 1245 3294 1318 ἐχθροί
3323 1263 3414 1318 cog
3457 1245 3652 1318 ῶχλαα

2596 1317 2836 1402 σαγηκαὶ
2870 1313 3274 1386 μισοποιοῦντές
3305 1334 3363 1369 σε
3384 1313 3656 1390 ᾖραπῖκε-

2635 1401 2791 1439 αλην.

2595 1401 2791 1454 φαλην.

2667 1474 2720 1528 4.
2755 1517 2770 1530 .
2813 1515 2827 1528 .
2867 1515 2880 1530 .
2913 1475 3057 1531 κατὰ
3083 1475 3177 1530 τοῦ
3213 1478 3646 1550 συγκεκρυμμέ-

2593 1561 2686 1599 νου
2719 1562 2811 1598 σου
2819 1585 2832 1598 .

2670 1708 2724 1763 ὕ.

2667 1869 2718 1924 8.
2748 1869 3061 1924 Φυλισταῖα.

2665 1961 2718 2015 9.
2759 1963 2870 2014 Καί
2895 1978 2958 2028 γε
3004 1963 3248 2036 Ἀσσούρ.

2681 2055 2953 2124 Ἐγένοντο
2971 2055 3000 2126 β
3007 2056 3192 2128 ράχιον
3213 2058 3324 2119 τοῖς
3338 2057 3473 2120 υἱοῖς
3491 2057 3644 2112 Λώτ.

2668 2217 3183 2293 11..ΑἘξετρί6ησαν
3241 2225 3299 2275 ἐν
3361 2222 3645 2293 Ἀενδωρ,

2594 2288 2931 2360 ἐγενήθησαν
2955 2288 3189 2362 ’κάπριον
3213 2294 3310 2364 τῆς
3331 2293 3544 2363 χθόνος.

2665 2384 2754 2438 15.

2663 2475 2750 2528 17.
2783 2476 3054 2546 Πρόσωπα
3081 2480 3280 2536 αὐτῶν.

2663 2567 2750 2621 19.
2786 2569 2908 2622 Ὅτι
2936 2585 3017 2623 σοι
3043 2571 3232 2642 ὄνομα,
3262 2573 3453 2644 Κύριε.

2977 2687 3256 2755 AQUILA.

2660 2801 2714 2855 2.
2752 2801 2818 2857 Et
2853 2819 2961 2856 non
2987 2805 3257 2873 quiescas.

2662 2895 2714 2948 5.
2752 2894 3020 2961 Quoniam
3051 2912 3177 2950 ecce
3199 2896 3405 2950 inimici
3437 2898 3513 2951 tui
3549 2879 3674 2951 tuo.

367 2966 882 3032 tumult'uabuntur:
932 2976 1029 3038 et“
1056 2968 1300 3020 odientes
1354 2975 1406 3019 te
1478 2976 1797 3038 sonuerunt,
1827 2976 1882 3020 et
1911 2967 2004 3036 qui
2031 2969 2263 3021 oderunt
2291 2976 2342 3021 tc
2363 2975 2520 3020 extu-
2590 2966 2842 3038 multuati
2894 2973 3043 3028 sunt,
3081 2977 3136 3021 et
3167 2967 3259 3038 qui
3308 2968 3543 3023 oderunt
3589 2979 3642 3023 te

363 3047 677 3104 extulerunt
733 3045 918 3107 caput.
980 3036 1225 3098 Hieron.,
1277 3038 1404 3103 quia

363 3132 492 3173 ecce
533 3111 739 3169 inimici
775 3110 852 3163 tui
900 3109 1206 3162 tumultuati
1254 3117 1401 3170 sunt,

364 3196 420 3242 et
445 3185 539 3256 qui
588 3183 820 3238 oderunt
850 3190 903 3234 te
945 3179 1290 3233 elevaverunt
1321 3192 1404 3232 ca-

364 3269 482 3328 put.

435 3348 488 3402 4.
524 3344 699 3414 Super
739 3341 999 3412 populum
1041 3348 1190 3394 tuum
1246 3337 1400 3414 callio-

364 3420 432 3474 de
466 3410 681 3471 inibunt
713 3410 1006 3476 secretum,
1055 3420 1108 3464 et
1146 3410 1405 3463 consilia-

361 3490 564 3544 buntur
618 3499 781 3552 super
839 3481 1185 3552 absconditos
1257 3488 1399 3533 tuos.

370 3559 611 3622 meram,
670 3551 860 3609 contra
931 3551 1187 3622 populum
1227 3558 1399 3622 Aluum

363 3619 612 3697 nequiter
646 3619 1037 3685 trartaverunt,
1079 3631 1129 3674 et
1168 3619 1402 3672 inierunt

362 3699 650 3754 consilium
669 3697 930 3750 adversus
943 3705 1202 3746 arcanum
1226 3699 1398 3742 tuum.

434 3791 488 3845 5.
526 3789 808 3854 Dixerunt,
829 3784 1043 3854 Venite.
1078 3791 1132 3837 et
1156 3782 1403 3854 succida-

364 3875 488 3916 mus
521 3874 617 3914 eos
650 3860 716 3912 de
756 3852 932 3925 gente.
986 3852 1230 3915 Ηὶενοη..
1253 3853 1406 3906 dixe-

363 3939 512 3995 runt,
564 3927 778 3992 Venite,
826 3935 882 3982 et
911 3934 1258 3980 conteramus
1310 3938 1404 3978 eos

365 4001 432 4056 de
471 4008 646 4068 gente.

437 4091 493 4147 8.
526 4088 789 4145 Pelcseth.
823 4085 1068 4146 Hieron.,
1099 4083 1400 4139 Palaestina.

435 4182 489 4238 9.
513 4180 685 4236 Etiam
717 4178 910 4234 Assur.
947 4176 1193 4243 Hierom,
1232 4175 1324 4230 sed
1351 4191 1382 4229 e

361 4255 558 4308 Assur.

437 4342 679 4397 Fuerunt
727 4339 1014 4394 brachium
1076 4337 1204 4391 ﬁliis
1280 4337 1398 4391 Lot.

353 4415 596 4476 Hierom,
620 4410 747 4466 facti
790 4418 918 4465 sunt
952 4409 1236 4462 brachium
1270 4408 1407 4462 ﬁlio-

361 4500 483 4536 rum
523 4482 647 4536 Lot.

361 4500 483 4539 rum
523 4490 647 4537 L01.

433 4574 522 4627 11.
563 4572 732 4627 Deleti
773 4579 900 4624 sunt
929 4571 982 4624 in
1013 4568 1250 4634 En-dor,
1286 4567 1400 4622 fue-

361 4655 492 4699 runt
515 4652 727 4698 stercus
767 4651 941 4695 terrm.
990 4639 1230 4702 Hierom,
1266 4655 1395 4692 con-

359 4714 475 4768 triti
502 4722 629 4769 sunt
650 4714 702 4765 in
737 4711 953 4765 Endor:
991 4710 1211 4764 fuerunt
1239 4708 1396 4779 quasi

359 4784 763 4854 sterquilinium
798 4791 974 4836 terra.

430 4875 517 4930 15.
572 4873 887 4928 Habitacula
965 4871 1081 4928 Dei.
1149 4869 1391 4931 Hieron.,

358 4945 818 5018 pulchritudinem
855 4944 972 4997 Dei.

428 5036 517 5090 17.
557 5034 747 5090 Facies
768 5049 979 5090 eorum.
1019 5031 1260 5098 Hieron.,
1291 5033 1366 5086 id.

430 5127 516 5182 19.
568 5125 723 5192 Quod
759 5134 816 5180 tu
860 5139 1055 5178 nomen
1107 5134 1254 5177 tuum
1287 5123 1392 5175 Do—

356 5198 559 5252 minus.
590 5195 832 5262 Hierom,
861 5197 986 5265 quia
1014 5210 1209 5250 nomen
1244 5204 1391 5247 tuum

355 5277 438 5323 est
458 5265 737 5321 Dominus.

1171 5360 1344 5418 Nota;
1366 5366 1426 5417 et
1463 5355 1654 5418 variae
1685 5355 1994 5418 lectiones
2033 5356 2112 5417 ad
2149 5356 2283 5417 Psal

427 5451 494 5528 Χ.
620 5457 725 5528 ξΑη
757 5456 832 5527 μὴ
864 5455 1251 5528 κᾳθησυχὰσῃς
1277 5468 1380 5512 etc.
1419 5456 1705 5528 Eusebius.

2118 5455 2179 5511 V.

425 5523 494 5578 ν.
525 5525 578 5578 5.
617 5526 721 5602 ςᾼη
758 5523 846 5602 ετξ
901 5523 1009 5579 1δοῦ
1059 5523 1163 5602 etc.
1192 5523 1478 5602 "liusebius
1524 5527 1604 5582 sic
1637 5527 1847 5597 Aquila:
1882 5537 1936 5583 et

2061 5541 2186 5602 nos.

358 5593 670 5666 Symmachi
702 5597 979 5666 versiones
1002 5598 1274 5666 exprimit.

429 5596 670 5649 ‘mmachi
702 5597 979 5651 versiones
1002 5598 1274 5665 exprimit.
1454 5597 1457 5602 ’
1709 5596 1719 5597 ί

429 5661 494 5718 V.
518 5665 573 5718 4.
607 5665 689 5732 Σ.,
719 5665 860 5721 κατὰ
881 5665 973 5719 τοῦ
1004 5665 1132 5719 λαοῦ
1166 5677 1268 5724 etc.
1296 5667 1426 5724 Mss.
1454 5677 1509 5726 et
1533 5667 1928 5727 Tlteodoretus.

2114 5596 2176 5654 V.

2110 5668 2175 5723 ν.

1477 3035 1655 3091 lerunt
1681 3045 1861 3106 caput.

1542 3338 1598 3394 4.
1645 3339 1818 3408 Super
1862 3339 2122 3409 populum
2174 3350 2328 3393 tuum
2362 3339 2520 3392 mali-

1474 3421 1776 3480 gnaverunt
1812 3411 2124 3473 consilium,
2165 3419 2221 3464 et
2246 3410 2520 3479 cogitave-

1475 3491 1602 3536 runt
1633 3482 1894 3537 adversus
1924 3491 2143 3537 sanctos
2173 3489 2315 3535 tuos.

1547 3788 1600 3842 5.
1637 3786 1920 3850 Dixerunt,
1956 3787 2168 3856 Venite,
2219 3796 2272 3842 et
2308 3787 2518 3857 disper-

1476 3856 1672 3912 damus
1701 3873 1795 3913 eos
1823 3860 1890 3912 de
1918 3869 2096 3927 gente.

1547 4087 1599 4140 8.
1635 4086 1984 4156 Alienigena.

1545 4179 1600 4234 9.
1637 4179 1847 4234 Etenim
1874 4181 2050 4235 Assur

1472 4407 1514 4463 L
1543 4339 1694 4464 lfacli
1729 4351 1858 4396 sunt
1901 4341 1958 4396 in
2009 4340 2342 4411 adjutorium
2386 4341 2515 4397 ﬁliis

1517 4427 1548 4464 ο
1579 4452 1592 4464 .

1517 4427 1592 4466 01..

1529 4569 1629 4650 ΠΗ.
1671 4569 2046 4650 Disperierunt
2071 4569 2146 4650 ‘in
2203 4569 2405 4635 Endor,
2440 4568 2515 4623 fa-

1470 4647 1541 4694 cti
1582 4649 1792 4694 suntut
1827 4649 2036 4695 stercus
2067 4647 2243 4694 terrae.

1536 4870 1621 4924 15.
1659 4869 2040 4924 Sanctuarium
2075 4868 2190 4924 Dei.

1537 5031 1626 5085 17.
1661 5031 1852 5086 Facies
1878 5047 2090 5087 eorum.

1538 5125 1623 5180 19.
1654 5123 1789 5191 Quia
1824 5140 2018 5180 nomen
2047 5125 2140 5178 tibi
2176 5123 2459 5179 Dominus.

2216 5456 2270 5511 5.

2207 5597 2261 5652 8.

2205 5670 2256 5725 9.

2589 3036 2898 3091 extulerunt
2935 3046 3117 3106 caput.

2659 3335 2716 3390 4.
2834 3344 3022 3392 contra
3049 3337 3431 3394 absconditum
3456 3349 3643 3394 tuum.

2661 3783 2718 3838 5.

2659 4084 2715 4140 8.
2749 4083 3056 4157 Phylistzea.

2659 4177 2712 4231 9.
2745 4176 2812 4232 Et
2835 4179 3052 4248 quidem
3093 4178 3268 4235 Assur

2657 4336 2806 4393 Facti
2833 4348 2963 4414 sunt
2986 4340 3270 4396 brachium
3307 4340 3431 4396 (iliis
3465 4341 3603 4398 Lot.

2658 4567 2744 4621 11.
2774 4567 2954 4622 Attriti
2991 4579 3118 4623 sunt
3144 4570 3198 4623 in
3228 4571 3468 4636 Aendor,
3500 4571 3636 4628 facti

2585 4649 2710 4691 SUlil
2742 4650 2954 4694 stercus
2978 4649 3154 4696 ῐΘΙΊῚθ.

2656 4868 2743 4922 15.

2651 5033 2737 5086 17.
2768 5031 2957 5089 Facies
2985 5049 3196 5088 eorum.

2650 5125 2737 5181 19.
2769 5124 2926 5192 Quod
2953 5140 3147 5180 nomen
3177 5124 3300 5190 tibi,
3331 5123 3598 5183 Domine.

2366 5373 2471 5416 um
2505 5357 2826 5420 LXXXII.

2413 5457 2629 5525 λέγουσι
2655 5468 2758 5512 etc.
2786 5459 3130 5514 Colbertinus
3162 5458 3436 5530 στιχηρῶς
3481 5461 3635 5514 scri-

2298 5374 2354 5416 [ll

2300 5458 2384 5521 Σ.,

2308 5597 2410 5661 Ἀ.,
2440 5599 2522 5662 Σ.,
2557 5598 2865 5651 Φυλισταῖα.
2900 5598 3182 5653 Eusebius.

2296 5668 2398 5736 ’A.,
2423 5670 2510 5734 9.,
2543 5671 2698 5738 καίγε
2737 5671 2965 5741 ’Δσσοὺρ
2987 5681 3090 5724 etc.
3125 5668 3371 5726 Drusius.
