3852 6216
404 331 427 384 1
441 329 544 385 055

694 547 782 600 ΤΟ
807 547 1174 602 ΕΒΡΔΙΚΟΝ.

1006 693 1169 767 rimi:
1184 693 1304 770 -Ην
1336 710 1357 759 t

796 816 947 870 rma
983 790 1160 865 ’τηκωὸ
1197 816 1302 864 tvm
1339 807 1373 859 4

620 979 722 1026 ’ΠΖ
757 976 1046 1032 ’την-εν
1083 976 1301 1028 mam
1342 968 1375 1021 5

911 1134 1064 1185 mn
1100 1133 1299 1184 mna:
1338 1125 1372 1178 6

417 1301 542 1348 1m
615 1300 735 1370 τις)
798 1297 942 1359 93:2?
1001 1304 1013 1346 :
1061 1273 1232 1348 Dv‘a‘m
1273 1299 1379 1346 ’πει

484 1389 626 1438 τη»
663 1359 811 1461 Tum
845 1388 996 1438 nam
1031 1388 1124 1441 ’ττι
1160 1359 1454 1437 εη-Ὀτ-κί)

1174 1596 1314 1646 una:
1352 1588 1384 1640 7

851 1665 1074 1740 narra:
1109 1692 1388 1742 cum

417 1901 785 1996 Tantm-5:1
820 1928 992 1998 ’πίει-ι
1043 1928 1200 1976 nmo
1233 1920 1321 1980 η’)
1357 1917 1390 1998 8

1329 1997 1460 2052 ιπνεῖ

417 2161 564 2214 unm
637 2162 786 2212 ’.πετο
847 2161 1029 2235 ’ξς-τηε,
1075 2161 1311 2235 hprnn
1359 2153 1393 2207 9

691 2254 809 2303 Nm
845 2228 941 2302 n51
978 2227 1082 2302 κθ)
1118 2227 1224 2303 1755
1259 2255 1464 2309 mann

416 2461 642 2537 Tnmp
691 2459 943 2537 rga-tm
979 2461 1131 2510 nam
1179 2459 1289 2537 νῖν
1331 2451 1396 2520 to

529 2527 622 2606 ’Σὲ
659 2529 793 2624 Τιικ
832 2552 1038 2604 νηπίω
1075 2552 1164 2601 ειν
1200 2527 1304 2602 ‘72:
1344 2552 1465 2603 mm

542 2779 794 2835 VERSIO
833 2779 1154 2834 HEBBAICI
1183 2779 1366 2835 ΤΕΧΤ
1379 2821 1390 2832 .

492 2897 543 2950 1.
578 2895 754 2966 Super
777 2894 1074 2949 Mahalath.
1102 2894 1346 2958 llieron.,
1369 2911 1464 2964 per

419 2969 669 3023 chorum.

484 3055 538 3108 4.
585 3054 651 3107 Et
692 3053 816 3106 vitae
860 3067 997 3106 meae
1039 3052 1106 3106 ad
1155 3051 1462 3121 sepulcrum

421 3127 778 3196 pertigerunt.
820 3121 1070 3196 l_lieron.i,_
1112 3131 1166 3176 et
1204 3125 1313 3175 vita
1346 3138 1465 3177 mea

421 3191 489 3250 ha
520 3193 788 3248 infernum
821 3191 1118 3245 descendit.

494 3285 546 3338 5.
582 3285 882 3352 Reputatus
918 3299 1037 3336 sum
1068 3297 1191 3335 cum
1239 3281 1466 3352 descen-

426 3351 686 3409 dentibus
744 3355 795 3406 in
836 3354 1149 3406 cisternam.
1224 3351 1465 3415 Hieron.,

425 3435 707 3493 reputatus
747 3438 871 3476 sum
921 3437 1047 3476 cum
1087 3422 1468 3476 descendenti-

424 3497 528 3551 bus
563 3497 615 3548 in
656 3495 853 3547 lacum.

497 3588 548 3642 6.
579 3587 632 3640 In
658 3585 1068 3640 mortuisliber.
1101 3582 1347 3651 meram,
1381 3582 1468 3638 in-

423 3668 507 3714 ter
537 3666 784 3711 mortuos
821 3656 976 3709 liber.

498 3749 651 3802 Sicut
686 3747 956 3801 vulnerati
994 3746 1238 3815 iacentes
1290 3745 1472 3814 sepul-

424 3836 542 3882 cro,
594 3834 830 3886 quorum
867 3833 974 3871 non
1007 3816 1308 3870 recordatio
1355 3831 1472 3868 am-

427 3891 593 3959 plius,
621 3897 680 3959 e_t_
710 3889 810 3957 ipsi
841 3903 872 3940 a
908 3901 1072 3959 manu
1111 3894 1206 3959 tua
1242 3886 1471 3959 abscissi

428 3955 578 4014 sunt.
632 3955 878 4019 Hieron”
925 3956 1069 4010 sicut
1094 3955 1378 4022 ‘interfecti
1419 3964 1474 4009 et

427 4028 767 4081 dormientes
803 4028 857 4079 in
903 4027 1188 4092 sepulcro,
1235 4041 1472 4094 quorum

429 4113 540 4152 non
568 4097 871 4151 recordaris
901 4096 1134 4165 amplius
1161 4112 1175 4148 :
1205 4103 1260 4150 et
1297 4095 1402 4165 ipsi
1440 4109 1472 4149 a

428 4184 594 4222 manu
622 4177 713 4221 tua
739 4166 966 4221 abscissi
997 4168 1163 4220 sunt.’

500 4259 550 4312 7.
581 4258 821 4312 Posuisti
855 4273 962 4311 me.
1002 4255 1245 4322 "ieram,
1275 4255 1354 4309 id.

499 4351 556 4403 In
591 4349 894 4405 tenebrosis
951 4357 1005 4403 et
1053 4349 1108 4402 in
1161 4347 1470 4417 profundis.

427 4421 668 4486 "ieram,
695 4421 771 4472 id.

499 4515 554 4567 8.
589 4513 765 4580 Super
846 4525 934 4565 me
985 4510 1146 4564 nixus
1178 4517 1264 4563 est
1307 4508 1472 4580 furor

427 4593 577 4644 anns,
624 4577 683 4636 et
712 4581 922 4634 cunctis
959 4580 1211 4649 procellis
1243 4579 1350 4633 tuis
1385 4577 1468 4649 af-

427 4653 636 4706 ‘lixisti.
675 4650 868 4704 Hieron
899 4690 915 4715 ,
942 4648 1104 4718 super
1156 4666 1241 4704 me
1272 4648 1474 4702 confir-

427 4733 609 4778 matus
638 4731 722 4775 est
754 4723 905 4773 luror
956 4729 1104 4780 tuus.
1158 4729 1211 4773 et
1261 4718 1470 4773 cunctis

425 4793 682 4854 fluctibus
713 4788 826 4846 tuis'
850 4791 1086 4844 afllixisti
1123 4805 1230 4844 me.

497 4890 551 4946 9.
585 4889 850 4957 Elongare
901 4885 1075 4940 fecisti
1124 4895 1282 4940 notos
1321 4903 1472 4944 meos

429 4978 458 5014 a
491 4977 576 5014 me
603 4977 617 5012 :
658 4957 888 5028 posuisti
921 4973 1005 5010 me
1033 4957 1472 5028 abominationes

429 5033 530 5095 eis,
572 5027 792 5084 clausus
827 5037 880 5081 ct
917 5042 1021 5078 non
1050 5027 1314 5094 egrediar.
1346 5027 1472 5082 Ilie-

427 5118 568 5162 ron.,
619 5101 777 5167 longe
815 5097 986 5150 iecisti
1035 5107 1192 5151 notos
1243 5114 1390 5152 meos
1441 5114 1471 5152 a

426 5188 534 5236 tne,
590 5167 822 5239 posuisti
878 5184 963 5220 me
1009 5168 1470 5239 abominationem

425 5243 507 5296 eis
540 5260 556 5306 °,
587 5238 834 5294 Clausum
864 5246 918 5291 et
951 5252 1057 5289 non
1089 5238 1468 5305 prodeuntem.

502 5330 590 5382 10.
625 5330 831 5383 Oculus
871 5343 1025 5381 meus
1046 5327 1220 5381 doluit
1255 5337 1473 5395 propter

430 5400 798 5454 amictionem.
836 5397 1084 5451 Invocavi
1119 5409 1188 5459 te,
1225 5397 1469 5463 UOminc,

431 5471 487 5521 in
518 5469 661 5519 omni
707 5469 814 5530 die,
864 5468 1096 5520 distcndi
1130 5467 1194 5518 ad
1231 5475 1282 5519 te
1325 5469 1472 5522 volas

431 5551 598 5589 meas.
635 5535 877 5602 "ieram,
909 5541 1098 5590 oculus
1133 5552 1288 5590 meus
1322 5537 1474 5589 infir-

433 5612 614 5656 matus
643 5615 726 5657 est
758 5607 825 5658 ab
861 5606 1170 5669 afﬂictione,
1223 5607 1468 5660 invocavi

434 5681 508 5734 te,
545 5671 791 5746 Domine,
830 5683 941 5728 tota
979 5677 1064 5730 die
1092 5694 1104 5730 :
1136 5675 1368 5746 expandi
1401 5677 1469 5730 ad

435 5750 490 5800 te
513 5741 720 5807 palmas
752 5758 922 5798 meas.

1464 326 1937 386 HEXAPLORUM
1975 329 2142 396 QUE
2184 326 2620 387 SUPERSUNT.

1655 447 1796 506 PSA
1813 447 2017 506 LMUS
2051 447 2431 508 LXXXVII.

1796 548 1881 601 ΤΟ
1914 549 2256 602 ΕΒΡΛΙΚΟΝ

1703 617 2032 691 Ἑλληνικοῖς
2071 620 2379 692 γράμμασι.

1590 712 1639 763 1.

1588 964 1642 1022 5.

1587 1122 1643 1179 6.

1592 1593 1651 1647 7.

1603 1912 1639 1967 8

1601 2147 1657 2205 9.

1615 2451 1703 2505 ll).

1735 2775 2059 2832 VULGATA
2098 2774 2373 2832 LATINA.

1609 2896 1659 2948 1.
1691 2893 1796 2950 Pro
1824 2893 2114 2948 Malteleth.

1607 3057 1660 3110 4.
1704 3055 1768 3108 Et
1808 3057 1917 3110 vita
1955 3070 2077 3110 mea
2121 3053 2334 3109 inferno
2377 3067 2576 3124 appro-

1536 3127 1838 3196 pinquavit.

1608 3288 1662 3342 5.
1698 3287 2024 3343 Estimatus
2050 3303 2172 3343 sum
2193 3303 2319 3343 cum
2356 3286 2582 3343 descen-

1538 3355 1792 3414 dentibus
1815 3359 1869 3412 in
1898 3359 2101 3413 lacum.

1609 3588 1664 3642 6.
1693 3590 1837 3643 Inter
1867 3598 2113 3644 mortuos
2133 3588 2292 3644 liber.

1617 3746 1772 3800 Sicut
1813 3747 2102 3809 vulnerati,
2143 3748 2477 3803 dormientes
2525 3749 2582 3802 in

3529 310 3688 369 {056

3004 541 3290 598 ΑΚΥΔΔΣ,

2700 708 2750 760 1.
2797 706 2918 760 Ἐπὶ
2942 707 3177 778 χορείας.

2700 801 2753 853 4.
2790 800 2955 870 Καὶή
2989 799 3100 870 ζωή
3137 815 3235 868 μου
3280 798 3361 860 εἰς
3384 795 3528 866 ᾅδην
3551 811 3698 847 κατ-

2631 873 2880 942 ἠντηκεν.

2702 963 2755 1017 5.

2705 1127 2758 1180 6.
2800 1124 2889 1176 Ἐν
2920 1121 3230 1192 τεθνηκόσιν
3263 1119 3584 1189 ἐλεύθερος.

3488 1279 3573 1338 ὧν
3597 1284 3705 1337 οὖν

2709 1291 2930 1361 "Opino;
2958 1288 3404 1361 ἀνῃρημένρις..
3436 1326 3450 1338 .

2636 1358 2912 1432 ἐμνήό-Θης
2941 1358 3041 1432 Evt.
3068 1358 3166 1432 atat
3196 1358 3346 1410 αὐτοὶ
3367 1359 3429 1408 ἐκ
3457 1358 3570 1426 τῆς
3593 1373 3700 1426 χει-

2641 1429 2730 1504 ρός
2762 1429 2852 1484 ὰου
2870 1429 3254 1500 ἀπεώσθησαν.

2709 1594 2763 1646 7.
2799 1591 2961 1645 Ἐθου
2994 1609 3078 1663 με.

2724 1684 2812 1736 Ἐν
2843 1684 3133 1745 σκοτεινοῖς
3161 1682 3254 1734 καὶ
3281 1683 3338 1736 ὲν
3369 1677 3594 1750 βυθοῖς.

2714 1915 2768 1970 8.

2717 2142 2772 2198 9.

2725 2442 2812 2497 10.

3015 2767 3290 2834 AQUILA.

2727 2887 2778 2941 1.
2824 2885 2998 2956 Super
3019 2885 3240 2940 chorea.

2719 3049 2774 3102 4.
2806 3048 2870 3103 Et
2905 3049 3012 3103 vita
3037 3062 3157 3102 mea
3187 3047 3242 3101 in
3281 3045 3568 3101 infernum
3611 3044 3702 3100 do

2649 3119 2818 3173 venit.

2724 3284 2778 3340 5.

2722 3584 2775 3640 6.
2799 3584 2856 3639 ln
2896 3584 3128 3639 mortuis
3156 3582 3311 3637 liber.

2725 3745 2936 3801 Similis
3002 3744 3380 3799 interfectis...
3458 3760 3734 3814 quorun-

1545 3819 1833 3884 sepulcris,
1887 3833 2120 3887 quorum
2167 3833 2351 3872 nones
2375 3834 2585 3872 memor
2655 3832 2763 3871 non
2790 3816 3106 3887 recordatus
3134 3831 3194 3869 es
3210 3814 3471 3887 amplius,
3512 3824 3575 3870 et
3609 3817 3736 3885 ipsi

1544 3888 1814 3958 amplius:
1845 3886 2039 3958 et'ipsi
2072 3889 2141 3943 de
2177 3904 2344 3943 manu
2379 3899 2466 3942 tua
2499 3903 2584 3943 re—
2654 3887 2722 3942 de
2749 3903 2914 3941 manu
2943 3896 3034 3940 tua
3061 3886 3269 3956 depulsi
3285 3894 3438 3939 sunt.

1545 3955 1688 4026 pulsi
1718 3965 1865 4012 sunt.

1618 4259 1672 4313 7.
1702 4259 2011 4313 Posuerunt
2040 4275 2148 4315 me.

1545 4421 1583 4475 to
1614 4349 1672 4404 ln
1703 4352 2006 4407 tenebrosis
2045 4364 2101 4409 et
2130 4354 2184 4408 in
2216 4353 2410 4408 umbra
2441 4368 2586 4408 mor-

1571 4437 1636 4475 is.

1571 4437 1636 4475 IS.

1614 4513 1667 4567 8.
1731 4515 1904 4583 Super
1956 4529 2042 4568 me
2099 4513 2452 4569 conﬁrmatus
2503 4524 2588 4570 est

1545 4581 1699 4637 furor
1735 4581 1882 4648 tntis,
1917 4593 1971 4636 et
2009 4600 2198 4638 omnes
2229 4584 2426 4640 ﬂuctus
2465 4595 2588 4640 tuos

1544 4653 1802 4710 induxisti
1832 4670 1996 4723 super
2021 4669 2126 4708 me.

1615 4886 1668 4940 9.
1714 4883 1898 4953 Longe
1947 4883 2122 4940 fecisti
2170 4894 2326 4940 notos
2358 4901 2511 4940 meos
2553 4902 2584 4941 a

1542 4971 1630 5009 me
1654 4973 1667 5008 :
1694 4966 1996 5023 posuerunt
2017 4973 2102 5010 me
2125 4958 2584 5011 abominationem

1543 5025 1668 5150 (slibil;
1705 5025 1959 5082 Traditus
2011 5043 2154 5092 sum,
2189 5041 2242 5082 et
2287 5044 2392 5081 non
2435 5044 2588 5098 egre-

1582 5112 1630 5150 tc
1670 5113 1748 5150 ar.

1582 5112 1748 5151 1003f.

1617 5325 1702 5378 10.
1741 5323 1894 5391 Oculi
1943 5325 2048 5379 mei
2103 5326 2430 5395 languerunt
2478 5342 2590 5396 pra:

1546 5397 1750 5464 inopia.
1769 5396 2006 5450 Clamavi
2025 5398 2089 5450 ad
2110 5407 2181 5457 te.
2214 5398 2458 5463 Domine,
2480 5407 2588 5452 tota

1547 5469 1632 5521 die
1660 5485 1672 5520 :
1707 5467 1941 5537 cxpandi
1970 5469 2038 5523 ad
2069 5478 2120 5522 te
2155 5483 2350 5523 manus
2387 5483 2559 5522 meas.

2725 4259 2780 4313 7.
2815 4257 3051 4314 Posuisti
3081 4272 3187 4311 me.

2727 4350 2785 4406 in
2829 4349 3133 4406 tenebrosis
3163 4348 3292 4403 etin
3327 4344 3674 4417 profundis.

2734 4515 2788 4570 8.

2734 5331 2822 5387 10.
