3852 6216
54 353 206 414 1057

387 571 796 626 ΣΥΜΜΑΧΟΣ.

143 736 197 790 1.
225 735 323 788 Διὰ
354 737 539 806 χοροῦ.

143 827 196 881 4.
231 830 340 882 Καὶ
371 833 405 900 ὴ
436 830 546 901 ζωή
581 847 681 900 μου
716 829 816 904 ᾅδῃ
842 830 1037 902 ἥψατο.

147 991 198 1046 5.
249 992 562 1064 Ἐλογίσθην
587 994 724 1063 μετὰ
751 993 859 1048 τῶν
890 1011 1125 1064 καταγο-

73 1063 256 1133 μένων
281 1064 361 1126 εἰς
390 1063 611 1118 λάκκον.

149 1152 201 1207 6.
246 1154 425 1218 Ἐντὸς
455 1154 666 1226 νεκρῶν
715 1155 877 1224 ἀφεὶς
909 1154 1124 1209 ἐλεύθε-

76 1240 192 1294 ρος·

163 1315 658 1390 Ὠσεὶοτετρωμένοι
708 1319 767 1390 οῖ
788 1319 1032 1390 κείμενοι
1068 1320 1125 1390 ἐν

75 1386 266 1458 τάφῳ.
304 1378 378 1458 ὧν
403 1378 464 1458 οὐ
500 1378 858 1458 μνημονεύεις
881 1378 979 1458 ’ἔτι
1004 1428 1018 1450 ,
1047 1389 1127 1441 οῖ-

77 1472 223 1519 ςινες
247 1456 349 1509 ὑπὸ
376 1457 474 1528 τῆς
508 1456 688 1529 χειρός
720 1477 812 1512 σου
859 1457 1127 1530 ἐξεκόπη-

77 1542 202 1579 σαν.

154 1616 206 1671 7.
240 1618 473 1683 Ἔταξάς
505 1638 595 1691 με.

165 1708 253 1762 Ἐν
283 1713 576 1774 σκοτεινοῖς
624 1712 1053 1782 ὲσκεπασμένον.

160 1941 214 2015 _8.
253 1941 406 2012 Ἐμοὶ
435 1943 722 2015 ὲπέϐρισεν
743 1946 771 1997 ὁ
797 1944 967 2013 Θυμός
1016 1963 1134 2008 σου,

80 2013 184 2068 καὶ
227 2017 348 2075 ταῖς
382 2013 694 2084 καταιαιίίσιν
727 2031 820 2068 σου
850 2015 1138 2080 ἐκάκωσάς

85 2101 180 2154 με.

159 2175 213 2246 9.
241 2173 474 2246 Μακρὰν
530 2175 793 2246 ἐποίησας
835 2178 963 2240 τοὺς
991 2195 1138 2246 γνω-

83 2245 253 2318 στούς
281 2245 495 2318 μούάπ⁹
519 2245 652 2317 ἐμοῦ
675 2245 688 2277 θ
715 2246 911 2318 ἑταγξάς
941 2245 1011 2318 με
1032 2247 1142 2318 βδεο

83 2316 151 2388 λυ
159 2315 284 2368 κτὸν
339 2315 562 2388 αὐτοῖς.
585 2335 620 2386 φ
628 2334 722 2388 ρον
732 2317 822 2387 pou
832 2315 992 2387 μενον
1033 2315 1141 2373 καὶ

87 2387 170 2456 μὴ
202 2386 626 2456 προερχόμενον.

165 2476 254 2549 10.
281 2478 362 2549 7'0
393 2477 669 2549 ὀφθαλμός
696 2495 796 2548 μου
823 2479 1142 2549 ὲξέρῤευσεν

85 2548 202 2620 ἀπὸ
241 2548 338 2620 τῆς
366 2548 658 2610 κακώσεως
678 2566 691 2578 ·
709 2548 1142 2620 γὲπεκαλεσάμην

88 2634 155 2692 σε
189 2619 425 2692 ἑκάστην
446 2621 551 2692 ᾑμέ
561 2636 678 2690 ραν,
699 2619 992 2674 διεπέτασα
1010 2619 1145 2692 πρὸς

90 2689 157 2740 σὲ
189 2689 288 2751 τὰς
315 2691 504 2760 χεῖράς
531 2689 654 2759 μου.

404 2803 847 2863 SYMMACHUS.

169 2918 224 2973 1.
257 2917 362 2973 Per
389 2919 642 2975 chorum.

93 3154 135 3207 ι.
282 3081 350 3137 Et
396 3084 508 3140 vita
567 3101 687 3140 mea
730 3085 1004 3142 infernum
1063 3095 1148 3141 at-

123 3170 196 3207 im
226 3190 245 3207 .

123 3170 245 3224 ign.

177 3314 233 3368 5.
264 3312 570 3384 Reputatus
599 3332 720 3371 sum
767 3333 893 3373 cum
921 3319 1152 3375 descen-

97 3384 360 3440 dentibus
387 3387 443 3440 in
472 3387 674 3442 lacum.

177 3617 232 3672 6.
265 3617 412 3674 Inter
433 3629 680 3676 mortuos
707 3622 972 3680 dimissus
992 3624 1153 3681 liber.

182 3777 341 3849 Sicut
387 3778 654 3833 vulnerati
688 3780 934 3849 jacentes
976 3784 1028 3836 in
1068 3800 1156 3838 se-

102 3847 304 3916 pulcro
339 3888 356 3911 ,
396 3865 631 3917 quorum
685 3847 793 3904 non
850 3855 1157 3908 recordaris

105 3919 372 4042 annilius,
427 3921 522 3989 qui
555 3936 588 3976 ε
636 3937 800 3976 manu
849 3932 942 3976 tua
990 3925 1161 3980 excisi

107 4004 216 4042 sun
249 4027 265 4042 .

107 4004 265 4042 Slﬂll.

183 4291 245 4350 7.
290 4271 539 4348 Statuisti
578 4309 685 4349 me.

186 4381 250 4436 In
279 4384 580 4439 tenebrosis
610 4385 904 4440 obtectum.

189 4545 246 4597 8.
294 4543 470 4614 Super
499 4561 586 4600 me
615 4558 939 4617 aggravatus
967 4559 1045 4602 est
1077 4549 1165 4603 fu-

112 4630 213 4666 ror
246 4625 393 4682 tuus,
425 4625 477 4670 et
512 4619 764 4686 procellis
794 4619 900 4672 tuis
929 4618 1167 4674 alllixisti

113 4695 227 4738 lite.

188 4915 248 4970 9.
298 4913 483 4984 Longe
536 4914 712 4970 fecisti
758 4925 916 4971 notos
949 4932 1100 4971 meos
1137 4932 1169 4972 a

115 5001 249 5038 me:
312 4986 543 5054 posuisti
593 5002 680 5040 me
748 4989 1170 5041 abominabilem

116 5056 294 5122 ipsis:
338 5057 601 5110 custodiae
653 5058 906 5112 traditum
933 5097 947 5122 ,
978 5069 1034 5112 et
1065 5073 1170 5112 non

118 5126 578 5194 progredientem.

197 5355 303 5437 10..
322 5354 526 5410 Oculus
552 5372 710 5437 meus
732 5355 933 5437 eliluxit
959 5365 1169 5437 propter

120 5429 514 5481 vexationem:
552 5429 796 5480 invocavi
827 5437 877 5480 te
914 5444 1008 5495 per
1055 5430 1172 5482 sin-

123 5497 286 5564 gulos
315 5496 454 5561 dies,
494 5498 726 5566 cxpandi
755 5496 823 5550 ad
869 5506 921 5552 te
979 5513 1174 5552 manus

122 5581 304 5624 111838.

1404 353 1726 410 PSALMUS
1763 352 2072 410 LXXXVII.

1321 476 1465 537 PSA
1478 475 1686 536 LMUS
1735 473 2115 536 LXXXVII.

1679 575 1754 628 O'.

1267 741 1318 792 1.
1369 739 1543 812 Ὑπὲρ
1571 739 1806 794 Μαελέο.

1263 831 1316 884 4.
1345 831 1456 884 Καὶ
1504 833 1537 901 ἡ
1597 829 1708 900 ζωή
1772 847 1872 900 μου
1901 828 1980 899 τῷ
2014 828 2114 899 ᾄδῃ
2146 829 2243 898 ἡγ-

1235 918 1334 955 ισε.

1193 917 1334 968 γισε.

1267 994 1318 1048 5.
1355 993 1789 1117 Πὲοοσελογίσθην
1841 992 1978 1062 μετὰ
2004 992 2110 1044 τῶν
2150 1007 2246 1043 και-

1194 1065 1385 1117 ταὸαιν
1419 1083 1555 1117 ντων
1577 1067 1656 1117 εἰς
1689 1065 1908 1116 λάκκον.

1194 1065 1555 1119 ταὸαινόντων
1577 1067 1656 1126 εἰς
1689 1065 1908 1116 λάκκον.

1269 1157 1322 1211 6.
1363 1159 1451 1210 Ἐν
1475 1160 1691 1228 νεκροῖς
1717 1155 2018 1226 ἐλεύθερος.

1281 1319 1422 1372 Ὠσεὶ
1504 1317 1840 1390 τραυματίαι
1862 1380 1890 1390 _
1926 1316 2248 1390 ἐρριμμένοι

1199 1380 1553 1451 καθεύδοντες
1580 1391 1636 1440 ὲν
1652 1380 1833 1458 τάφῳ,
1854 1380 1928 1440 ὧν
1952 1380 2065 1458 οὐκ
2083 1380 2250 1458 ἐμνή-

1202 1461 1334 1532 σθης
1367 1460 1466 1532 ἔτι,
1495 1459 1594 1532 καὶ
1641 1460 1796 1512 αὐτοὶ
1827 1461 1892 1511 ἐκ
1923 1457 2022 1528 τῆς
2071 1457 2251 1528 χειράς

1201 1528 1302 1584 σου⁷
1327 1528 1682 1598 ἁπώσθησαν.

1271 1623 1325 1676 7.
1357 1621 1578 1675 Ἐθεντό
1607 1638 1694 1691 με.

1284 1717 1371 1768 Ἐν
1405 1717 1701 1776 σκοτεινοῖς
1737 1713 1834 1766 καὶ
1889 1713 1948 1765 ὲν
1997 1715 2126 1784 σκιᾷ
2159 1712 2255 1784 ϐα-

1204 1786 1386 1839 νάτου.
1419 1786 1500 1850 E’,
1529 1785 1584 1837 ἐν
1610 1785 1901 1846 σκοτεινοῖς
1927 1785 1984 1836 ὲν
2013 1783 2253 1838 καταδύ-

1206 1873 1339 1910 τοις.

1280 1889 1333 1999 ἕ.
1382 1944 1498 1998 Ἐπ’
1529 1943 1628 2015 ἐμὲ
1677 1944 1972 2016 ὲστηρίχθη
2024 1947 2052 1998 ὁ
2086 1944 2258 2016 θυμός

1211 2033 1327 2075 σου.
1360 2018 1454 2069 καὶ
1475 2017 1680 2076 πάντας
1700 2017 1823 2076 τοὺς
1853 2015 2260 2085 μετεωρισμούς

1213 2104 1306 2141 σου
1347 2088 1624 2156 ἐπήγαγες
1661 2085 1746 2136 ἐπ’
1781 2085 1900 2154 ἐμέ.

1281 2179 1334 2234 9.
1399 2176 1744 2246 Ἐμάκρυνας
1801 2176 1929 2238 τοὺς
1984 2174 2260 2246 γνωστούς

1217 2267 1317 2318 μου
1351 2245 1854 2318 ἀπ’ίέμοῦηὲρεντό
1885 2263 1951 2318 με
1985 2245 2261 2318 βδέᾎνγμα

1213 2315 1445 2381 ἑαυτοῖς.
1498 2315 1810 2388 Παρεδὸθην
1832 2317 1927 2369 καὶ
1955 2315 2053 2368 οὐκ
2082 2315 2264 2380 ἐξεπο-

1219 2389 1342 2462 ρευό
1349 2405 1475 2460 μην.

1289 2481 1374 2536 10.
1407 2481 1470 2532 υἱ
1499 2478 1768 2548 ὀφθαλμοί
1825 2495 1926 2548 μου
1955 2477 2262 2547 ὴσθένησαν

1216 2551 1324 2604 ἀπὸ
1359 2552 1458 2618 τῆς
1496 2549 1789 2620 πτωχείας.
1827 2549 1943 2620 Καὶ,
1993 2548 2263 2620 ἐκέκραξα

1217 2622 1365 2692 πρὸς
1385 2621 1464 2684 σὲ,
1501 2618 1694 2692 Κύριε,
1736 2620 1867 2692 ὃλην
1897 2618 2004 2692 τὴν
2027 2618 2262 2692 ἡμέραν,

1218 2689 1512 2744 διἐπέτασα
1543 2689 1677 2761 πρὸς
1701 2689 1760 2742 σὲ
1784 2689 1884 2751 τὰς
1923 2690 2110 2760 χεῖράς
2139 2704 2262 2758 μου.

1389 2806 1534 2861 LXX
1563 2804 2071 2860 INTERPRETES.

1290 2923 1342 2977 1.
1370 2923 1475 2977 Pro
1504 2921 1754 2978 Maeletb.

1291 3086 1346 3139 4.
1397 3084 1460 3138 Et
1508 3085 1617 3139 vita
1653 3100 1776 3138 mea
1819 3083 2033 3138 inferno
2076 3098 2272 3153 appro-

1221 3156 1522 3225 pinquavit.

1294 3318 1347 3370 5.
1382 3315 1713 3370 IEstimatus
1738 3329 1859 3370 sum
1890 3329 2014 3370 cum
2047 3314 2274 3368 descen-

1223 3389 1481 3443 dentibus
1521 3389 1577 3440 in
1605 3388 1809 3442 lacum.

1297 3617 1351 3671 6.
1385 3619 1530 3672 Inter
1554 3625 1802 3671 mortuos
1823 3615 1981 3669 liber.

1301 3783 1457 3837 Sicut
1478 3783 1744 3837 vulnerati
1762 3781 1986 3852 projecti
2007 3780 2277 3835 dormien-

1232 3863 1315 3909 tcs
1368 3855 1422 3907 in
1477 3854 1760 3923 sepulcro,
1796 3867 2049 3923 quorum
2082 3865 2188 3903 non
2222 3865 2284 3904 es

1238 3941 1444 3978 memor
1491 3921 1758 3993 amplius:
1799 3933 1853 3978 et
1894 3923 1998 3992 ipsi
2023 3921 2090 3976 dc
2115 3935 2282 3975 manu

1237 4004 1328 4049 tua
1366 3995 1580 4065 expulsi
1609 4002 1758 4048 sunt.

1307 4293 1363 4346 7.
1401 4291 1710 4348 Posuerunt
1737 4309 1845 4348 me.

1310 4384 1368 4438 ln
1398 4386 1704 4439 tenebrosis
1731 4396 1786 4439 et
1812 4386 1864 4439 in
1899 4385 2091 4438 umbra
2138 4401 2287 4438 mor-

1238 4455 1329 4510 tis.
1367 4454 1433 4519 V,
1468 4457 1520 4508 iu
1551 4457 1853 4510 tenebrosis
1886 4457 1940 4508 in
1975 4457 2237 4510 latibulis.

1311 4547 1363 4600 8.
1402 4544 1576 4615 Super
1599 4563 1685 4600 me
1711 4548 2066 4600 conﬁrmatus
2095 4556 2177 4601 est
2204 4548 2288 4600 fu-

1239 4632 1333 4670 ror
1381 4627 1527 4681 tuus,
1585 4627 1637 4670 et
1688 4633 1878 4671 omnes
1912 4618 2109 4671 ﬂuctus
2163 4626 2286 4672 tuos

1241 4687 1502 4742 iuduxisti
1534 4703 1696 4756 super
1729 4703 1835 4742 me.

1315 4918 1367 4972 9.
1410 4917 1595 4988 Longe
1645 4917 1818 4972 fecisti
1870 4925 2027 4971 notos
2057 4932 2208 4970 meos
2255 4932 2284 4970 a

1244 5005 1362 5043 me:
1392 5001 1692 5058 posuerunt
1715 5004 1802 5042 Ine
1823 4988 2283 5042 abominationem

1245 5061 1370 5184 sibi).
1406 5060 1660 5114 Traditus
1689 5075 1832 5123 sum,
1886 5069 1940 5113 et
1990 5074 2098 5111 non
2143 5073 2288 5126 egre-

1284 5146 1331 5184 te
1371 5146 1450 5184 ar.

1284 5146 1450 5184 ICDaI'.

1320 5361 1402 5414 10.
1451 5357 1603 5413 Oculi
1648 5359 1753 5414 mei
1803 5359 2130 5428 languerunt
2176 5375 2288 5428 prze

1249 5432 1452 5500 inopia.
1482 5430 1547 5482 Et
1577 5429 1804 5483 clamavi
1835 5434 1899 5480 ad
1937 5441 2009 5492 te,
2037 5429 2284 5494 Domine,

1250 5513 1361 5557 tota
1375 5501 1483 5567 die,
1508 5516 1572 5555 ex
1579 5501 1741 5569 pandi
1758 5502 1824 5554 ad
1844 5509 1892 5553 te
1905 5516 2068 5554 manu
2083 5516 2284 5556 smeas.

2391 733 2446 787 1.

2385 829 2441 880 4.

2390 983 2441 1037 5.

2393 1147 2445 1202 6.

2411 2474 2496 2530 10.

2431 5360 2518 5416 10.

2627 560 3025 617 ΘΕΟΔΟΤΚΩΝ.

2637 2795 3051 2857 THEODOTIO.

3193 341 3218 394 1
3227 339 3336 399 053
