  <div class='ocr_page' id='page_1' title='image "/cluster/home/n/w/nwhite01/storage/ocr_20150623/16 pt.1/nnc1.0046978798/608.png"; bbox 0 0 3852 6216; ppageno 0'>
   <div class='ocr_carea' id='block_1_1' title="bbox 154 270 303 327">
    <p class='ocr_par' dir='ltr' id='par_1_1' title="bbox 154 270 303 327">
     <span class='ocr_line' id='line_1_1' title="bbox 154 270 303 327; baseline 0.007 -1"><span class='ocrx_word' id='word_1_1' title='bbox 154 270 303 327; x_wconf 73' lang='grc'>1089</span> 
     </span>
    </p>
   </div>
   <div class='ocr_carea' id='block_1_2' title="bbox 473 388 878 445">
    <p class='ocr_par' dir='ltr' id='par_1_2' title="bbox 473 388 878 445">
     <span class='ocr_line' id='line_1_2' title="bbox 473 388 878 445; baseline 0.017 -7"><span class='ocrx_word' id='word_1_2' title='bbox 473 388 878 445; x_wconf 75' lang='grc' dir='ltr'><strong>ΣΥΜΜΑΧΟΣ.</strong></span> 
     </span>
    </p>
   </div>
   <div class='ocr_carea' id='block_1_3' title="bbox 226 547 962 625">
    <p class='ocr_par' dir='ltr' id='par_1_3' title="bbox 226 547 962 625">
     <span class='ocr_line' id='line_1_3' title="bbox 226 547 962 625; baseline 0.005 -23"><span class='ocrx_word' id='word_1_3' title='bbox 226 547 280 603; x_wconf 78' lang='grc'>5.</span> <span class='ocrx_word' id='word_1_4' title='bbox 337 549 468 603; x_wconf 83' lang='grc' dir='ltr'><strong>Ἀπὸ</strong></span> <span class='ocrx_word' id='word_1_5' title='bbox 495 550 654 620; x_wconf 83' lang='grc' dir='ltr'>λόγου</span> <span class='ocrx_word' id='word_1_6' title='bbox 682 553 962 625; x_wconf 77' lang='grc' dir='ltr'>ἐπηρείας.</span> 
     </span>
    </p>
   </div>
   <div class='ocr_carea' id='block_1_4' title="bbox 230 641 287 696">
    <p class='ocr_par' dir='ltr' id='par_1_4' title="bbox 230 641 287 696">
     <span class='ocr_line' id='line_1_4' title="bbox 230 641 287 696; baseline 0.018 -1"><span class='ocrx_word' id='word_1_7' title='bbox 230 641 287 696; x_wconf 87' lang='grc'><strong>5.</strong></span> 
     </span>
    </p>
   </div>
   <div class='ocr_carea' id='block_1_5' title="bbox 228 800 1154 877">
    <p class='ocr_par' dir='ltr' id='par_1_5' title="bbox 228 800 1154 877">
     <span class='ocr_line' id='line_1_5' title="bbox 228 800 1154 877; baseline 0.005 -23"><span class='ocrx_word' id='word_1_8' title='bbox 228 800 283 855; x_wconf 87' lang='grc' dir='ltr'><strong>ϐ.</strong></span> <span class='ocrx_word' id='word_1_9' title='bbox 326 802 459 855; x_wconf 79' lang='grc' dir='ltr'>Οὐδὲ</span> <span class='ocrx_word' id='word_1_10' title='bbox 492 802 679 875; x_wconf 84' lang='grc' dir='ltr'>λοιμὸν</span> <span class='ocrx_word' id='word_1_11' title='bbox 712 803 859 877; x_wconf 74' lang='grc' dir='ltr'>ζόφῳ</span> <span class='ocrx_word' id='word_1_12' title='bbox 882 805 1154 859; x_wconf 81' lang='grc' dir='ltr'>ὁδεύοντα.</span> 
     </span>
    </p>
   </div>
   <div class='ocr_carea' id='block_1_6' title="bbox 243 969 1203 1046">
    <p class='ocr_par' dir='ltr' id='par_1_6' title="bbox 243 969 1203 1046">
     <span class='ocr_line' id='line_1_6' title="bbox 243 969 1203 1046; baseline 0.008 -25"><span class='ocrx_word' id='word_1_13' title='bbox 243 969 375 1023; x_wconf 85' lang='grc' dir='ltr'><strong>Ἀπὸ</strong></span> <span class='ocrx_word' id='word_1_14' title='bbox 433 974 856 1046; x_wconf 79' lang='grc' dir='ltr'>συγκυρήματος</span> <span class='ocrx_word' id='word_1_15' title='bbox 915 974 1203 1046; x_wconf 86' lang='grc' dir='ltr'>δαιμονιώ-</span> 
     </span>
    </p>
   </div>
   <div class='ocr_carea' id='block_1_7' title="bbox 151 1039 672 1111">
    <p class='ocr_par' dir='ltr' id='par_1_7' title="bbox 151 1039 672 1111">
     <span class='ocr_line' id='line_1_7' title="bbox 151 1039 672 1111; baseline 0.006 -18"><span class='ocrx_word' id='word_1_16' title='bbox 151 1039 281 1103; x_wconf 66' lang='grc' dir='ltr'>δςυς</span> <span class='ocrx_word' id='word_1_17' title='bbox 311 1039 672 1111; x_wconf 75' lang='grc' dir='ltr'>μεσημϐρίας.</span> 
     </span>
    </p>
   </div>
   <div class='ocr_carea' id='block_1_8' title="bbox 228 1131 954 1203">
    <p class='ocr_par' dir='ltr' id='par_1_8' title="bbox 228 1131 954 1203">
     <span class='ocr_line' id='line_1_8' title="bbox 228 1131 954 1203; baseline 0.008 -20"><span class='ocrx_word' id='word_1_18' title='bbox 228 1131 285 1185; x_wconf 89' lang='lat'><strong>7.</strong></span> <span class='ocrx_word' id='word_1_19' title='bbox 338 1132 433 1184; x_wconf 85' lang='grc' dir='ltr'><strong>Ἐκ</strong></span> <span class='ocrx_word' id='word_1_20' title='bbox 454 1134 546 1185; x_wconf 83' lang='grc' dir='ltr'>τοῦ</span> <span class='ocrx_word' id='word_1_21' title='bbox 573 1135 803 1203; x_wconf 79' lang='grc' dir='ltr'>πλαγίου</span> <span class='ocrx_word' id='word_1_22' title='bbox 841 1153 954 1190; x_wconf 90' lang='grc' dir='ltr'>σου.</span> 
     </span>
    </p>
   </div>
   <div class='ocr_carea' id='block_1_9' title="bbox 228 1222 1202 1310">
    <p class='ocr_par' dir='ltr' id='par_1_9' title="bbox 228 1222 1202 1310">
     <span class='ocr_line' id='line_1_9' title="bbox 228 1222 1202 1310; baseline 0.005 -34"><span class='ocrx_word' id='word_1_23' title='bbox 228 1222 285 1279; x_wconf 88' lang='grc'><strong>9.</strong></span> <span class='ocrx_word' id='word_1_24' title='bbox 314 1223 397 1310; x_wconf 48' lang='grc' dir='ltr'>ἐὺ</span> <span class='ocrx_word' id='word_1_25' title='bbox 417 1224 544 1310; x_wconf 76' lang='grc' dir='ltr'>γάρ,</span> <span class='ocrx_word' id='word_1_26' title='bbox 558 1224 677 1287; x_wconf 83' lang='grc' dir='ltr'>Θεὲ,</span> <span class='ocrx_word' id='word_1_27' title='bbox 696 1226 893 1310; x_wconf 62' lang='grc' dir='ltr'>άξροόία</span> <span class='ocrx_word' id='word_1_28' title='bbox 911 1227 1202 1297; x_wconf 74' lang='grc' dir='ltr'>μου,”Υψι-</span> 
     </span>
    </p>
   </div>
   <div class='ocr_carea' id='block_1_10' title="bbox 160 1292 1045 1367">
    <p class='ocr_par' dir='ltr' id='par_1_10' title="bbox 160 1292 1045 1367">
     <span class='ocr_line' id='line_1_10' title="bbox 160 1292 1045 1367; baseline 0.01 -24"><span class='ocrx_word' id='word_1_29' title='bbox 160 1309 287 1344; x_wconf 79' lang='grc' dir='ltr'>στον</span> <span class='ocrx_word' id='word_1_30' title='bbox 312 1292 432 1345; x_wconf 78' lang='grc' dir='ltr'>ἔθου</span> <span class='ocrx_word' id='word_1_31' title='bbox 459 1292 555 1365; x_wconf 78' lang='grc' dir='ltr'>τὴν</span> <span class='ocrx_word' id='word_1_32' title='bbox 588 1292 1045 1367; x_wconf 66' lang='grc' dir='ltr'>κατοίκησίνσου.</span> 
     </span>
    </p>
   </div>
   <div class='ocr_carea' id='block_1_11' title="bbox 230 1452 1200 1523">
    <p class='ocr_par' dir='ltr' id='par_1_11' title="bbox 230 1452 1200 1523">
     <span class='ocr_line' id='line_1_11' title="bbox 230 1452 1200 1523; baseline 0.004 -18"><span class='ocrx_word' id='word_1_33' title='bbox 230 1452 319 1523; x_wconf 75' lang='lat' dir='ltr'><strong>l0.</strong></span> <span class='ocrx_word' id='word_1_34' title='bbox 359 1453 432 1505; x_wconf 81' lang='grc' dir='ltr'><strong>Οὐ</strong></span> <span class='ocrx_word' id='word_1_35' title='bbox 485 1453 802 1523; x_wconf 83' lang='grc' dir='ltr'>κατισχύσει</span> <span class='ocrx_word' id='word_1_36' title='bbox 857 1472 948 1508; x_wconf 90' lang='grc' dir='ltr'><strong>σου</strong></span> <span class='ocrx_word' id='word_1_37' title='bbox 1008 1456 1200 1521; x_wconf 86' lang='grc' dir='ltr'>κακὸν,</span> 
     </span>
    </p>
   </div>
   <div class='ocr_carea' id='block_1_12' title="bbox 155 1522 1114 1597">
    <p class='ocr_par' dir='ltr' id='par_1_12' title="bbox 155 1522 1114 1597">
     <span class='ocr_line' id='line_1_12' title="bbox 155 1522 1114 1597; baseline 0.006 -23"><span class='ocrx_word' id='word_1_38' title='bbox 155 1522 282 1574; x_wconf 83' lang='grc' dir='ltr'>οὑδὲ</span> <span class='ocrx_word' id='word_1_39' title='bbox 315 1525 424 1594; x_wconf 78' lang='grc' dir='ltr'><strong>ἁφὴ</strong></span> <span class='ocrx_word' id='word_1_40' title='bbox 457 1522 755 1593; x_wconf 79' lang='grc' dir='ltr'>ἐγγίσειτῇ</span> <span class='ocrx_word' id='word_1_41' title='bbox 792 1529 962 1597; x_wconf 83' lang='grc' dir='ltr'>σκηνῇ</span> <span class='ocrx_word' id='word_1_42' title='bbox 999 1543 1114 1580; x_wconf 92' lang='grc' dir='ltr'>σου.</span> 
     </span>
    </p>
   </div>
   <div class='ocr_carea' id='block_1_13' title="bbox 232 1681 1199 1751">
    <p class='ocr_par' dir='ltr' id='par_1_13' title="bbox 232 1681 1199 1751">
     <span class='ocr_line' id='line_1_13' title="bbox 232 1681 1199 1751; baseline 0.002 -17"><span class='ocrx_word' id='word_1_43' title='bbox 232 1681 317 1734; x_wconf 87' lang='lat' dir='ltr'><strong>ll.</strong></span> <span class='ocrx_word' id='word_1_44' title='bbox 362 1681 483 1733; x_wconf 86' lang='grc' dir='ltr'><strong>Ὅτι</strong></span> <span class='ocrx_word' id='word_1_45' title='bbox 508 1685 619 1745; x_wconf 86' lang='grc' dir='ltr'>τοῖς</span> <span class='ocrx_word' id='word_1_46' title='bbox 647 1682 899 1751; x_wconf 80' lang='grc' dir='ltr'><strong>ἀγγέλοις</strong></span> <span class='ocrx_word' id='word_1_47' title='bbox 924 1684 1086 1736; x_wconf 79' lang='grc' dir='ltr'>αὐτοῦ</span> <span class='ocrx_word' id='word_1_48' title='bbox 1112 1687 1199 1737; x_wconf 88' lang='grc' dir='ltr'><strong>ὲν-</strong></span> 
     </span>
    </p>
   </div>
   <div class='ocr_carea' id='block_1_14' title="bbox 156 1750 1200 1823">
    <p class='ocr_par' dir='ltr' id='par_1_14' title="bbox 156 1750 1200 1823">
     <span class='ocr_line' id='line_1_14' title="bbox 156 1750 1200 1823; baseline 0.005 -21"><span class='ocrx_word' id='word_1_49' title='bbox 156 1750 393 1823; x_wconf 85' lang='grc' dir='ltr'>τελεῖται</span> <span class='ocrx_word' id='word_1_50' title='bbox 425 1753 551 1823; x_wconf 76' lang='grc' dir='ltr'>περὶ</span> <span class='ocrx_word' id='word_1_51' title='bbox 583 1754 695 1815; x_wconf 74' lang='grc' dir='ltr'>σοῦ,</span> <span class='ocrx_word' id='word_1_52' title='bbox 730 1750 1021 1820; x_wconf 72' lang='grc' dir='ltr'><strong>φυλάσσειν</strong></span> <span class='ocrx_word' id='word_1_53' title='bbox 1056 1771 1114 1806; x_wconf 89' lang='grc' dir='ltr'><strong>σε</strong></span> <span class='ocrx_word' id='word_1_54' title='bbox 1144 1756 1200 1809; x_wconf 83' lang='grc' dir='ltr'><strong>ἐν</strong></span> 
     </span>
    </p>
   </div>
   <div class='ocr_carea' id='block_1_15' title="bbox 160 1822 816 1885">
    <p class='ocr_par' dir='ltr' id='par_1_15' title="bbox 160 1822 816 1885">
     <span class='ocr_line' id='line_1_15' title="bbox 160 1822 816 1885; baseline 0.003 -12"><span class='ocrx_word' id='word_1_55' title='bbox 160 1822 365 1885; x_wconf 77' lang='grc' dir='ltr'><strong>πάσαις</strong></span> <span class='ocrx_word' id='word_1_56' title='bbox 394 1822 511 1885; x_wconf 84' lang='grc' dir='ltr'>ταῖς</span> <span class='ocrx_word' id='word_1_57' title='bbox 539 1825 673 1885; x_wconf 81' lang='grc' dir='ltr'>ὁδοῖς</span> <span class='ocrx_word' id='word_1_58' title='bbox 703 1840 816 1875; x_wconf 89' lang='grc' dir='ltr'>σου.</span> 
     </span>
    </p>
   </div>
   <div class='ocr_carea' id='block_1_16' title="bbox 418 1942 889 1997">
    <p class='ocr_par' dir='ltr' id='par_1_16' title="bbox 418 1942 889 1997">
     <span class='ocr_line' id='line_1_16' title="bbox 418 1942 889 1997; baseline 0 -1"><span class='ocrx_word' id='word_1_59' title='bbox 418 1942 889 1997; x_wconf 70' lang='lat' dir='ltr'><strong>’SYMMACIIUS.</strong></span> 
     </span>
    </p>
   </div>
   <div class='ocr_carea' id='block_1_17' title="bbox 227 2060 921 2117">
    <p class='ocr_par' dir='ltr' id='par_1_17' title="bbox 227 2060 921 2117">
     <span class='ocr_line' id='line_1_17' title="bbox 227 2060 921 2117; baseline 0.006 -4"><span class='ocrx_word' id='word_1_60' title='bbox 227 2060 285 2113; x_wconf 79' lang='lat'><strong>&#39;5.</strong></span> <span class='ocrx_word' id='word_1_61' title='bbox 323 2060 368 2112; x_wconf 91' lang='lat' dir='ltr'><strong>A</strong></span> <span class='ocrx_word' id='word_1_62' title='bbox 396 2061 559 2115; x_wconf 82' lang='lat' dir='ltr'><strong>verbo</strong></span> <span class='ocrx_word' id='word_1_63' title='bbox 590 2064 921 2117; x_wconf 88' lang='lat' dir='ltr'><strong>nocumeuti.</strong></span> 
     </span>
    </p>
   </div>
   <div class='ocr_carea' id='block_1_18' title="bbox 228 2224 285 2277">
    <p class='ocr_par' dir='ltr' id='par_1_18' title="bbox 228 2224 285 2277">
     <span class='ocr_line' id='line_1_18' title="bbox 228 2224 285 2277; baseline 0 0"><span class='ocrx_word' id='word_1_64' title='bbox 228 2224 285 2277; x_wconf 86' lang='lat'><strong>5.</strong></span> 
     </span>
    </p>
   </div>
   <div class='ocr_carea' id='block_1_19' title="bbox 227 2449 1199 2523">
    <p class='ocr_par' dir='ltr' id='par_1_19' title="bbox 227 2449 1199 2523">
     <span class='ocr_line' id='line_1_19' title="bbox 227 2449 1199 2523; baseline 0.004 -20"><span class='ocrx_word' id='word_1_65' title='bbox 227 2450 283 2523; x_wconf 74' lang='lat'><strong>6_.</strong></span> <span class='ocrx_word' id='word_1_66' title='bbox 323 2449 507 2523; x_wconf 72' lang='lat' dir='ltr'><strong>Neque</strong></span> <span class='ocrx_word' id='word_1_67' title='bbox 568 2460 774 2521; x_wconf 79' lang='lat' dir='ltr'><strong>pestem</strong></span> <span class='ocrx_word' id='word_1_68' title='bbox 846 2452 904 2506; x_wconf 91' lang='lat' dir='ltr'><strong>in</strong></span> <span class='ocrx_word' id='word_1_69' title='bbox 966 2452 1199 2523; x_wconf 75' lang='lat' dir='ltr'><strong>caligine</strong></span> 
     </span>
    </p>
   </div>
   <div class='ocr_carea' id='block_1_20' title="bbox 154 2521 544 2575">
    <p class='ocr_par' dir='ltr' id='par_1_20' title="bbox 154 2521 544 2575">
     <span class='ocr_line' id='line_1_20' title="bbox 154 2521 544 2575; baseline 0 -1"><span class='ocrx_word' id='word_1_70' title='bbox 154 2521 544 2575; x_wconf 73' lang='lat' dir='ltr'><strong>ambulantem.</strong></span> 
     </span>
    </p>
   </div>
   <div class='ocr_carea' id='block_1_21' title="bbox 228 2682 1073 2741">
    <p class='ocr_par' dir='ltr' id='par_1_21' title="bbox 228 2682 1073 2741">
     <span class='ocr_line' id='line_1_21' title="bbox 228 2682 1073 2741; baseline -0.004 -1"><span class='ocrx_word' id='word_1_71' title='bbox 228 2684 276 2741; x_wconf 82' lang='lat' dir='ltr'><strong>A</strong></span> <span class='ocrx_word' id='word_1_72' title='bbox 306 2699 438 2739; x_wconf 88' lang='lat' dir='ltr'><strong>casu</strong></span> <span class='ocrx_word' id='word_1_73' title='bbox 465 2682 799 2738; x_wconf 83' lang='lat' dir='ltr'><strong>daemoniaco</strong></span> <span class='ocrx_word' id='word_1_74' title='bbox 828 2682 1073 2738; x_wconf 85' lang='lat' dir='ltr'><strong>meridie.</strong></span> 
     </span>
    </p>
   </div>
   <div class='ocr_carea' id='block_1_22' title="bbox 226 2843 876 2899">
    <p class='ocr_par' dir='ltr' id='par_1_22' title="bbox 226 2843 876 2899">
     <span class='ocr_line' id='line_1_22' title="bbox 226 2843 876 2899; baseline -0.003 -2"><span class='ocrx_word' id='word_1_75' title='bbox 226 2845 280 2897; x_wconf 90' lang='lat'><strong>7.</strong></span> <span class='ocrx_word' id='word_1_76' title='bbox 318 2843 396 2897; x_wconf 81' lang='lat' dir='ltr'><strong>Ex</strong></span> <span class='ocrx_word' id='word_1_77' title='bbox 428 2852 736 2899; x_wconf 84' lang='lat' dir='ltr'><strong>transverso</strong></span> <span class='ocrx_word' id='word_1_78' title='bbox 762 2850 876 2897; x_wconf 93' lang='lat' dir='ltr'><strong>tuo.</strong></span> 
     </span>
    </p>
   </div>
   <div class='ocr_carea' id='block_1_23' title="bbox 227 2932 1195 2997">
    <p class='ocr_par' dir='ltr' id='par_1_23' title="bbox 227 2932 1195 2997">
     <span class='ocr_line' id='line_1_23' title="bbox 227 2932 1195 2997; baseline -0.006 -7"><span class='ocrx_word' id='word_1_79' title='bbox 227 2936 281 2990; x_wconf 91' lang='lat'><strong>9.</strong></span> <span class='ocrx_word' id='word_1_80' title='bbox 338 2934 419 2989; x_wconf 92' lang='lat' dir='ltr'><strong>Tu</strong></span> <span class='ocrx_word' id='word_1_81' title='bbox 458 2936 601 2989; x_wconf 91' lang='lat' dir='ltr'><strong>enim</strong></span> <span class='ocrx_word' id='word_1_82' title='bbox 634 2973 648 2997; x_wconf 93' lang='lat'><em>,</em></span> <span class='ocrx_word' id='word_1_83' title='bbox 686 2934 826 2987; x_wconf 89' lang='lat' dir='ltr'><strong>Deus</strong></span> <span class='ocrx_word' id='word_1_84' title='bbox 853 2972 867 2995; x_wconf 93' lang='lat'><strong>,</strong></span> <span class='ocrx_word' id='word_1_85' title='bbox 930 2932 1195 2987; x_wconf 80' lang='lat' dir='ltr'><strong>securitas</strong></span> 
     </span>
    </p>
   </div>
   <div class='ocr_carea' id='block_1_24' title="bbox 154 3002 1195 3074">
    <p class='ocr_par' dir='ltr' id='par_1_24' title="bbox 154 3002 1195 3074">
     <span class='ocr_line' id='line_1_24' title="bbox 154 3002 1195 3074; baseline -0.004 -15"><span class='ocrx_word' id='word_1_86' title='bbox 154 3023 275 3059; x_wconf 80' lang='lat' dir='ltr'><strong>mea</strong></span> <span class='ocrx_word' id='word_1_87' title='bbox 300 3006 663 3059; x_wconf 86' lang='lat' dir='ltr'><strong>:Altissimum</strong></span> <span class='ocrx_word' id='word_1_88' title='bbox 685 3005 917 3074; x_wconf 83' lang='lat' dir='ltr'><strong>posuisti</strong></span> <span class='ocrx_word' id='word_1_89' title='bbox 940 3002 1195 3056; x_wconf 85' lang='lat' dir='ltr'><strong>habitati-</strong></span> 
     </span>
    </p>
   </div>
   <div class='ocr_carea' id='block_1_25' title="bbox 152 3084 523 3131">
    <p class='ocr_par' dir='ltr' id='par_1_25' title="bbox 152 3084 523 3131">
     <span class='ocr_line' id='line_1_25' title="bbox 152 3084 523 3131; baseline -0.003 -1"><span class='ocrx_word' id='word_1_90' title='bbox 152 3092 314 3131; x_wconf 74' lang='lat' dir='ltr'><strong>OIICUI</strong></span> <span class='ocrx_word' id='word_1_91' title='bbox 352 3084 523 3130; x_wconf 87' lang='lat' dir='ltr'><strong>tuam.</strong></span> 
     </span>
    </p>
   </div>
   <div class='ocr_carea' id='block_1_26' title="bbox 227 3304 1195 3372">
    <p class='ocr_par' dir='ltr' id='par_1_26' title="bbox 227 3304 1195 3372">
     <span class='ocr_line' id='line_1_26' title="bbox 227 3304 1195 3372; baseline 0 -14"><span class='ocrx_word' id='word_1_92' title='bbox 227 3306 317 3360; x_wconf 91' lang='lat' dir='ltr'><strong>l0.</strong></span> <span class='ocrx_word' id='word_1_93' title='bbox 356 3304 471 3359; x_wconf 89' lang='lat' dir='ltr'><strong>Non</strong></span> <span class='ocrx_word' id='word_1_94' title='bbox 503 3306 809 3372; x_wconf 65' lang='lat' dir='ltr'><strong>praevalebit</strong></span> <span class='ocrx_word' id='word_1_95' title='bbox 846 3304 943 3359; x_wconf 87' lang='lat' dir='ltr'><strong>tibi</strong></span> <span class='ocrx_word' id='word_1_96' title='bbox 969 3305 1195 3369; x_wconf 85' lang='lat' dir='ltr'><strong>malum,</strong></span> 
     </span>
    </p>
   </div>
   <div class='ocr_carea' id='block_1_27' title="bbox 150 3375 1200 3447">
    <p class='ocr_par' dir='ltr' id='par_1_27' title="bbox 150 3375 1200 3447">
     <span class='ocr_line' id='line_1_27' title="bbox 150 3375 1200 3447; baseline 0 -18"><span class='ocrx_word' id='word_1_97' title='bbox 150 3390 259 3431; x_wconf 86' lang='lat' dir='ltr'><strong>nec</strong></span> <span class='ocrx_word' id='word_1_98' title='bbox 309 3377 460 3446; x_wconf 83' lang='lat' dir='ltr'><strong>plaga</strong></span> <span class='ocrx_word' id='word_1_99' title='bbox 517 3375 969 3447; x_wconf 87' lang='lat' dir='ltr'><strong>appropinquabit</strong></span> <span class='ocrx_word' id='word_1_100' title='bbox 1019 3376 1200 3431; x_wconf 87' lang='lat' dir='ltr'><strong>taber-</strong></span> 
     </span>
    </p>
   </div>
   <div class='ocr_carea' id='block_1_28' title="bbox 155 3448 506 3501">
    <p class='ocr_par' dir='ltr' id='par_1_28' title="bbox 155 3448 506 3501">
     <span class='ocr_line' id='line_1_28' title="bbox 155 3448 506 3501; baseline 0.003 -3"><span class='ocrx_word' id='word_1_101' title='bbox 155 3448 357 3500; x_wconf 80' lang='lat' dir='ltr'><strong>naculo</strong></span> <span class='ocrx_word' id='word_1_102' title='bbox 394 3458 506 3501; x_wconf 92' lang='lat' dir='ltr'><strong>tuo.</strong></span> 
     </span>
    </p>
   </div>
   <div class='ocr_carea' id='block_1_29' title="bbox 228 3675 1194 3747">
    <p class='ocr_par' dir='ltr' id='par_1_29' title="bbox 228 3675 1194 3747">
     <span class='ocr_line' id='line_1_29' title="bbox 228 3675 1194 3747; baseline -0.001 -17"><span class='ocrx_word' id='word_1_103' title='bbox 228 3678 314 3730; x_wconf 90' lang='lat' dir='ltr'><strong>ll.</strong></span> <span class='ocrx_word' id='word_1_104' title='bbox 357 3678 622 3742; x_wconf 88' lang='lat' dir='ltr'><strong>Quoniam</strong></span> <span class='ocrx_word' id='word_1_105' title='bbox 672 3675 1026 3747; x_wconf 85' lang='lat' dir='ltr'><strong>angelissuis</strong></span> <span class='ocrx_word' id='word_1_106' title='bbox 1059 3691 1194 3746; x_wconf 73' lang='lat' dir='ltr'><strong>prae-</strong></span> 
     </span>
    </p>
   </div>
   <div class='ocr_carea' id='block_1_30' title="bbox 151 3746 1197 3817">
    <p class='ocr_par' dir='ltr' id='par_1_30' title="bbox 151 3746 1197 3817">
     <span class='ocr_line' id='line_1_30' title="bbox 151 3746 1197 3817; baseline -0.003 -15"><span class='ocrx_word' id='word_1_107' title='bbox 151 3748 319 3817; x_wconf 86' lang='lat' dir='ltr'><strong>cipiet</strong></span> <span class='ocrx_word' id='word_1_108' title='bbox 365 3751 430 3801; x_wconf 86' lang='lat' dir='ltr'><strong>de</strong></span> <span class='ocrx_word' id='word_1_109' title='bbox 472 3758 543 3807; x_wconf 85' lang='lat' dir='ltr'><strong>te,</strong></span> <span class='ocrx_word' id='word_1_110' title='bbox 589 3757 647 3799; x_wconf 92' lang='lat' dir='ltr'><strong>ut</strong></span> <span class='ocrx_word' id='word_1_111' title='bbox 688 3746 996 3802; x_wconf 83' lang='lat' dir='ltr'><strong>custodiant</strong></span> <span class='ocrx_word' id='word_1_112' title='bbox 1043 3758 1094 3801; x_wconf 86' lang='lat' dir='ltr'><strong>te</strong></span> <span class='ocrx_word' id='word_1_113' title='bbox 1142 3747 1197 3799; x_wconf 91' lang='lat' dir='ltr'><strong>in</strong></span> 
     </span>
    </p>
   </div>
   <div class='ocr_carea' id='block_1_31' title="bbox 152 3818 692 3872">
    <p class='ocr_par' dir='ltr' id='par_1_31' title="bbox 152 3818 692 3872">
     <span class='ocr_line' id='line_1_31' title="bbox 152 3818 692 3872; baseline 0 0"><span class='ocrx_word' id='word_1_114' title='bbox 152 3820 411 3872; x_wconf 85' lang='lat' dir='ltr'><strong>omnibus</strong></span> <span class='ocrx_word' id='word_1_115' title='bbox 437 3818 539 3872; x_wconf 79' lang='lat' dir='ltr'><strong>viis</strong></span> <span class='ocrx_word' id='word_1_116' title='bbox 565 3820 692 3872; x_wconf 90' lang='lat' dir='ltr'><strong>tuis.</strong></span> 
     </span>
    </p>
   </div>
   <div class='ocr_carea' id='block_1_32' title="bbox 1537 280 2044 337">
    <p class='ocr_par' dir='ltr' id='par_1_32' title="bbox 1537 280 2044 337">
     <span class='ocr_line' id='line_1_32' title="bbox 1537 280 2044 337; baseline 0 -2"><span class='ocrx_word' id='word_1_117' title='bbox 1537 281 1813 337; x_wconf 73' lang='lat' dir='ltr'><strong>PSALMU</strong></span> <span class='ocrx_word' id='word_1_118' title='bbox 1837 280 1875 336; x_wconf 94' lang='lat' dir='ltr'>S</span> <span class='ocrx_word' id='word_1_119' title='bbox 1909 280 2044 336; x_wconf 79' lang='lat' dir='ltr'><strong>XCI.</strong></span> 
     </span>
    </p>
   </div>
   <div class='ocr_carea' id='block_1_33' title="bbox 1778 395 1854 449">
    <p class='ocr_par' dir='ltr' id='par_1_33' title="bbox 1778 395 1854 449">
     <span class='ocr_line' id='line_1_33' title="bbox 1778 395 1854 449; baseline -0.013 0"><span class='ocrx_word' id='word_1_120' title='bbox 1778 395 1854 449; x_wconf 75' lang='grc' dir='ltr'>θ’.</span> 
     </span>
    </p>
   </div>
   <div class='ocr_carea' id='block_1_34' title="bbox 1343 556 2139 628">
    <p class='ocr_par' dir='ltr' id='par_1_34' title="bbox 1343 556 2139 628">
     <span class='ocr_line' id='line_1_34' title="bbox 1343 556 2139 628; baseline -0.003 -17"><span class='ocrx_word' id='word_1_121' title='bbox 1343 557 1396 611; x_wconf 80' lang='grc'><strong>5.</strong></span> <span class='ocrx_word' id='word_1_122' title='bbox 1448 557 1579 609; x_wconf 89' lang='grc' dir='ltr'><strong>Ἀπὸ</strong></span> <span class='ocrx_word' id='word_1_123' title='bbox 1601 556 1757 625; x_wconf 87' lang='grc' dir='ltr'>λόγου</span> <span class='ocrx_word' id='word_1_124' title='bbox 1778 556 2139 628; x_wconf 84' lang='grc' dir='ltr'>ταραχώδους.</span> 
     </span>
    </p>
   </div>
   <div class='ocr_carea' id='block_1_35' title="bbox 1318 651 2314 737">
    <p class='ocr_par' dir='ltr' id='par_1_35' title="bbox 1318 651 2314 737">
     <span class='ocr_line' id='line_1_35' title="bbox 1318 651 2314 737; baseline 0 -34"><span class='ocrx_word' id='word_1_125' title='bbox 1318 651 1623 737; x_wconf 42' lang='grc' dir='ltr'><strong>’5.ίυπλῳ</strong></span> <span class='ocrx_word' id='word_1_126' title='bbox 1655 651 1923 706; x_wconf 83' lang='grc' dir='ltr'>κυκλώσει</span> <span class='ocrx_word' id='word_1_127' title='bbox 1948 670 2007 704; x_wconf 90' lang='grc' dir='ltr'><strong>σε</strong></span> <span class='ocrx_word' id='word_1_128' title='bbox 2030 654 2063 722; x_wconf 80' lang='grc' dir='ltr'>ἡ</span> <span class='ocrx_word' id='word_1_129' title='bbox 2085 651 2314 722; x_wconf 86' lang='grc' dir='ltr'>ἀλήθεια</span> 
     </span>
    </p>
   </div>
   <div class='ocr_carea' id='block_1_36' title="bbox 1273 738 1461 775">
    <p class='ocr_par' dir='ltr' id='par_1_36' title="bbox 1273 738 1461 775">
     <span class='ocr_line' id='line_1_36' title="bbox 1273 738 1461 775; baseline 0.011 -2"><span class='ocrx_word' id='word_1_130' title='bbox 1273 738 1461 775; x_wconf 84' lang='grc' dir='ltr'>αυτου.</span> 
     </span>
    </p>
   </div>
   <div class='ocr_carea' id='block_1_37' title="bbox 1344 808 2314 880">
    <p class='ocr_par' dir='ltr' id='par_1_37' title="bbox 1344 808 2314 880">
     <span class='ocr_line' id='line_1_37' title="bbox 1344 808 2314 880; baseline 0 -19"><span class='ocrx_word' id='word_1_131' title='bbox 1344 809 1395 861; x_wconf 87' lang='grc'><strong>6.</strong></span> <span class='ocrx_word' id='word_1_132' title='bbox 1452 809 1581 859; x_wconf 85' lang='grc' dir='ltr'><strong>Ἀπὸ</strong></span> <span class='ocrx_word' id='word_1_133' title='bbox 1633 808 1957 880; x_wconf 80' lang='grc' dir='ltr'>πράγματος</span> <span class='ocrx_word' id='word_1_134' title='bbox 1995 808 2314 880; x_wconf 86' lang='grc' dir='ltr'>διαπορευο-</span> 
     </span>
    </p>
   </div>
   <div class='ocr_carea' id='block_1_38' title="bbox 1277 878 1755 948">
    <p class='ocr_par' dir='ltr' id='par_1_38' title="bbox 1277 878 1755 948">
     <span class='ocr_line' id='line_1_38' title="bbox 1277 878 1755 948; baseline -0.002 -18"><span class='ocrx_word' id='word_1_135' title='bbox 1277 879 1436 948; x_wconf 76' lang='grc' dir='ltr'>μένου</span> <span class='ocrx_word' id='word_1_136' title='bbox 1470 880 1525 930; x_wconf 82' lang='grc' dir='ltr'><strong>ὲν</strong></span> <span class='ocrx_word' id='word_1_137' title='bbox 1556 878 1755 930; x_wconf 79' lang='grc' dir='ltr'>σκότει.</span> 
     </span>
    </p>
   </div>
   <div class='ocr_carea' id='block_1_39' title="bbox 1354 970 2314 1045">
    <p class='ocr_par' dir='ltr' id='par_1_39' title="bbox 1354 970 2314 1045">
     <span class='ocr_line' id='line_1_39' title="bbox 1354 970 2314 1045; baseline 0.004 -22"><span class='ocrx_word' id='word_1_138' title='bbox 1354 973 1489 1045; x_wconf 73' lang='grc' dir='ltr'><strong>Ἀπὸ</strong></span> <span class='ocrx_word' id='word_1_139' title='bbox 1510 970 1910 1045; x_wconf 77' lang='grc' dir='ltr'>συμπτώματος</span> <span class='ocrx_word' id='word_1_140' title='bbox 1928 974 2020 1025; x_wconf 84' lang='grc' dir='ltr'><strong>καί</strong></span> <span class='ocrx_word' id='word_1_141' title='bbox 2038 972 2314 1045; x_wconf 82' lang='grc' dir='ltr'>δαιμονίου</span> 
     </span>
    </p>
   </div>
   <div class='ocr_carea' id='block_1_40' title="bbox 1276 1043 1667 1113">
    <p class='ocr_par' dir='ltr' id='par_1_40' title="bbox 1276 1043 1667 1113">
     <span class='ocr_line' id='line_1_40' title="bbox 1276 1043 1667 1113; baseline 0.005 -20"><span class='ocrx_word' id='word_1_142' title='bbox 1276 1043 1667 1113; x_wconf 74' lang='grc' dir='ltr'>μεσημϐρινοῦ.</span> 
     </span>
    </p>
   </div>
   <div class='ocr_carea' id='block_1_41' title="bbox 1343 1133 2046 1197">
    <p class='ocr_par' dir='ltr' id='par_1_41' title="bbox 1343 1133 2046 1197">
     <span class='ocr_line' id='line_1_41' title="bbox 1343 1133 2046 1197; baseline 0.001 -12"><span class='ocrx_word' id='word_1_143' title='bbox 1343 1133 1397 1186; x_wconf 89' lang='lat'><strong>7.</strong></span> <span class='ocrx_word' id='word_1_144' title='bbox 1454 1135 1547 1186; x_wconf 86' lang='grc' dir='ltr'>Ὲκ</span> <span class='ocrx_word' id='word_1_145' title='bbox 1575 1135 1667 1186; x_wconf 79' lang='grc' dir='ltr'>τοῦ</span> <span class='ocrx_word' id='word_1_146' title='bbox 1696 1134 1907 1197; x_wconf 83' lang='grc' dir='ltr'>κλίτους</span> <span class='ocrx_word' id='word_1_147' title='bbox 1936 1152 2046 1186; x_wconf 86' lang='grc' dir='ltr'>σου.</span> 
     </span>
    </p>
   </div>
   <div class='ocr_carea' id='block_1_42' title="bbox 1342 1224 2309 1296">
    <p class='ocr_par' dir='ltr' id='par_1_42' title="bbox 1342 1224 2309 1296">
     <span class='ocr_line' id='line_1_42' title="bbox 1342 1224 2309 1296; baseline -0.001 -18"><span class='ocrx_word' id='word_1_148' title='bbox 1342 1224 1553 1296; x_wconf 17' lang='grc' dir='ltr'><strong>9.-νὍτι</strong></span> <span class='ocrx_word' id='word_1_149' title='bbox 1591 1225 1965 1296; x_wconf 30' lang='grc' dir='ltr'>σὺ,-Κύριε,ή</span> <span class='ocrx_word' id='word_1_150' title='bbox 2004 1224 2155 1287; x_wconf 76' lang='grc' dir='ltr'>ἐλπίς</span> <span class='ocrx_word' id='word_1_151' title='bbox 2188 1242 2309 1295; x_wconf 85' lang='grc' dir='ltr'>μου,</span> 
     </span>
    </p>
   </div>
   <div class='ocr_carea' id='block_1_43' title="bbox 1270 1293 2310 1364">
    <p class='ocr_par' dir='ltr' id='par_1_43' title="bbox 1270 1293 2310 1364">
     <span class='ocr_line' id='line_1_43' title="bbox 1270 1293 2310 1364; baseline 0.002 -19"><span class='ocrx_word' id='word_1_152' title='bbox 1270 1293 1361 1345; x_wconf 76' lang='grc' dir='ltr'><strong>τὸν</strong></span> <span class='ocrx_word' id='word_1_153' title='bbox 1388 1294 1645 1362; x_wconf 69' lang='grc' dir='ltr'>’Ὕψιστον</span> <span class='ocrx_word' id='word_1_154' title='bbox 1679 1293 2144 1364; x_wconf 65' lang='grc' dir='ltr'>ἔθουκαταφυγήν</span> <span class='ocrx_word' id='word_1_155' title='bbox 2191 1293 2310 1348; x_wconf 83' lang='grc' dir='ltr'>σου.</span> 
     </span>
    </p>
   </div>
   <div class='ocr_carea' id='block_1_44' title="bbox 1272 1365 1466 1425">
    <p class='ocr_par' dir='ltr' id='par_1_44' title="bbox 1272 1365 1466 1425">
     <span class='ocr_line' id='line_1_44' title="bbox 1272 1365 1466 1425; baseline 0.01 -10"><span class='ocrx_word' id='word_1_156' title='bbox 1272 1365 1349 1425; x_wconf 87' lang='lat' dir='ltr'><strong>E&#39;,</strong></span> <span class='ocrx_word' id='word_1_157' title='bbox 1392 1365 1466 1417; x_wconf 76' lang='lat' dir='ltr'><strong>id.</strong></span> 
     </span>
    </p>
   </div>
   <div class='ocr_carea' id='block_1_45' title="bbox 1344 1454 2313 1526">
    <p class='ocr_par' dir='ltr' id='par_1_45' title="bbox 1344 1454 2313 1526">
     <span class='ocr_line' id='line_1_45' title="bbox 1344 1454 2313 1526; baseline 0.001 -20"><span class='ocrx_word' id='word_1_158' title='bbox 1344 1454 1428 1526; x_wconf 79' lang='lat' dir='ltr'><strong>l0.</strong></span> <span class='ocrx_word' id='word_1_159' title='bbox 1470 1456 1542 1506; x_wconf 67' lang='grc' dir='ltr'><strong>Οὐ</strong></span> <span class='ocrx_word' id='word_1_160' title='bbox 1591 1454 2012 1526; x_wconf 80' lang='grc' dir='ltr'>προσελεύσεται</span> <span class='ocrx_word' id='word_1_161' title='bbox 2068 1454 2202 1524; x_wconf 82' lang='grc' dir='ltr'>πρὸς</span> <span class='ocrx_word' id='word_1_162' title='bbox 2254 1455 2313 1526; x_wconf 61' lang='grc' dir='ltr'><strong>σε</strong></span> 
     </span>
    </p>
   </div>
   <div class='ocr_carea' id='block_1_46' title="bbox 1272 1524 2313 1595">
    <p class='ocr_par' dir='ltr' id='par_1_46' title="bbox 1272 1524 2313 1595">
     <span class='ocr_line' id='line_1_46' title="bbox 1272 1524 2313 1595; baseline -0.002 -18"><span class='ocrx_word' id='word_1_163' title='bbox 1272 1524 1441 1595; x_wconf 47' lang='grc' dir='ltr'>κακὰς</span> <span class='ocrx_word' id='word_1_164' title='bbox 1483 1527 1576 1577; x_wconf 71' lang='grc' dir='ltr'><strong>καὶ</strong></span> <span class='ocrx_word' id='word_1_165' title='bbox 1630 1524 1825 1595; x_wconf 71' lang='grc' dir='ltr'>μάστιξ</span> <span class='ocrx_word' id='word_1_166' title='bbox 1882 1526 1980 1577; x_wconf 79' lang='grc' dir='ltr'><strong>οὐκ</strong></span> <span class='ocrx_word' id='word_1_167' title='bbox 2026 1526 2202 1594; x_wconf 77' lang='grc' dir='ltr'><strong>ἐγγιεί</strong></span> <span class='ocrx_word' id='word_1_168' title='bbox 2236 1524 2313 1595; x_wconf 78' lang='grc' dir='ltr'><strong>τῷ</strong></span> 
     </span>
    </p>
   </div>
   <div class='ocr_carea' id='block_1_47' title="bbox 1275 1594 1736 1663">
    <p class='ocr_par' dir='ltr' id='par_1_47' title="bbox 1275 1594 1736 1663">
     <span class='ocr_line' id='line_1_47' title="bbox 1275 1594 1736 1663; baseline 0.002 -17"><span class='ocrx_word' id='word_1_169' title='bbox 1275 1594 1587 1663; x_wconf 83' lang='grc' dir='ltr'>σκηνώματί</span> <span class='ocrx_word' id='word_1_170' title='bbox 1623 1612 1736 1648; x_wconf 83' lang='grc' dir='ltr'>σου.</span> 
     </span>
    </p>
   </div>
   <div class='ocr_carea' id='block_1_48' title="bbox 1345 1682 2315 1754">
    <p class='ocr_par' dir='ltr' id='par_1_48' title="bbox 1345 1682 2315 1754">
     <span class='ocr_line' id='line_1_48' title="bbox 1345 1682 2315 1754; baseline 0.001 -19"><span class='ocrx_word' id='word_1_171' title='bbox 1345 1685 1432 1736; x_wconf 90' lang='lat' dir='ltr'><strong>ll.</strong></span> <span class='ocrx_word' id='word_1_172' title='bbox 1476 1686 1596 1736; x_wconf 83' lang='grc' dir='ltr'>Ὅτι</span> <span class='ocrx_word' id='word_1_173' title='bbox 1622 1689 1733 1747; x_wconf 85' lang='grc' dir='ltr'>τοῖς</span> <span class='ocrx_word' id='word_1_174' title='bbox 1763 1686 2015 1754; x_wconf 81' lang='grc' dir='ltr'><strong>ἀγγέλοις</strong></span> <span class='ocrx_word' id='word_1_175' title='bbox 2036 1682 2197 1736; x_wconf 79' lang='grc' dir='ltr'>αὐτοῦ</span> <span class='ocrx_word' id='word_1_176' title='bbox 2228 1685 2315 1736; x_wconf 80' lang='grc' dir='ltr'>ὲν·-</span> 
     </span>
    </p>
   </div>
   <div class='ocr_carea' id='block_1_49' title="bbox 1271 1753 2313 1825">
    <p class='ocr_par' dir='ltr' id='par_1_49' title="bbox 1271 1753 2313 1825">
     <span class='ocr_line' id='line_1_49' title="bbox 1271 1753 2313 1825; baseline 0 -19"><span class='ocrx_word' id='word_1_177' title='bbox 1271 1753 1501 1825; x_wconf 78' lang='grc' dir='ltr'>τελείται</span> <span class='ocrx_word' id='word_1_178' title='bbox 1523 1772 1588 1805; x_wconf 86' lang='grc' dir='ltr'><strong>πε</strong></span> <span class='ocrx_word' id='word_1_179' title='bbox 1597 1755 1781 1825; x_wconf 75' lang='grc' dir='ltr'>ρὶ“σοῦ,</span> <span class='ocrx_word' id='word_1_180' title='bbox 1800 1753 1892 1807; x_wconf 77' lang='grc' dir='ltr'>τοῦ</span> <span class='ocrx_word' id='word_1_181' title='bbox 1913 1754 2231 1823; x_wconf 80' lang='grc' dir='ltr'>διαφυλάξαι</span> <span class='ocrx_word' id='word_1_182' title='bbox 2253 1770 2313 1806; x_wconf 88' lang='grc' dir='ltr'><strong>σε</strong></span> 
     </span>
    </p>
   </div>
   <div class='ocr_carea' id='block_1_50' title="bbox 1272 1824 2020 1888">
    <p class='ocr_par' dir='ltr' id='par_1_50' title="bbox 1272 1824 2020 1888">
     <span class='ocr_line' id='line_1_50' title="bbox 1272 1824 2020 1888; baseline 0.004 -12"><span class='ocrx_word' id='word_1_183' title='bbox 1272 1826 1330 1878; x_wconf 86' lang='grc' dir='ltr'>ὲν</span> <span class='ocrx_word' id='word_1_184' title='bbox 1365 1824 1565 1887; x_wconf 87' lang='grc' dir='ltr'>πάσαις</span> <span class='ocrx_word' id='word_1_185' title='bbox 1595 1824 1713 1887; x_wconf 90' lang='grc' dir='ltr'>ταῖς</span> <span class='ocrx_word' id='word_1_186' title='bbox 1741 1826 1880 1888; x_wconf 80' lang='grc' dir='ltr'>ὁδοῖς</span> <span class='ocrx_word' id='word_1_187' title='bbox 1907 1842 2020 1879; x_wconf 93' lang='grc' dir='ltr'>σου.</span> 
     </span>
    </p>
   </div>
   <div class='ocr_carea' id='block_1_51' title="bbox 1442 1942 2137 1999">
    <p class='ocr_par' dir='ltr' id='par_1_51' title="bbox 1442 1942 2137 1999">
     <span class='ocr_line' id='line_1_51' title="bbox 1442 1942 2137 1999; baseline 0.001 -3"><span class='ocrx_word' id='word_1_188' title='bbox 1442 1942 1583 1996; x_wconf 73' lang='lat' dir='ltr'><strong>LXX</strong></span> <span class='ocrx_word' id='word_1_189' title='bbox 1624 1942 2137 1999; x_wconf 75' lang='lat' dir='ltr'><strong>lNTERPllETES.</strong></span> 
     </span>
    </p>
   </div>
   <div class='ocr_carea' id='block_1_52' title="bbox 1340 2061 2028 2116">
    <p class='ocr_par' dir='ltr' id='par_1_52' title="bbox 1340 2061 2028 2116">
     <span class='ocr_line' id='line_1_52' title="bbox 1340 2061 2028 2116; baseline -0.004 0"><span class='ocrx_word' id='word_1_190' title='bbox 1340 2062 1394 2116; x_wconf 85' lang='grc'><strong>’5.</strong></span> <span class='ocrx_word' id='word_1_191' title='bbox 1436 2065 1481 2114; x_wconf 87' lang='grc' dir='ltr'><strong>Α</strong></span> <span class='ocrx_word' id='word_1_192' title='bbox 1507 2062 1672 2116; x_wconf 84' lang='lat' dir='ltr'><strong>verbo</strong></span> <span class='ocrx_word' id='word_1_193' title='bbox 1700 2061 2028 2116; x_wconf 90' lang='lat' dir='ltr'><strong>turbulento.</strong></span> 
     </span>
    </p>
   </div>
   <div class='ocr_carea' id='block_1_53' title="bbox 1300 2220 2314 2302">
    <p class='ocr_par' dir='ltr' id='par_1_53' title="bbox 1300 2220 2314 2302">
     <span class='ocr_line' id='line_1_53' title="bbox 1300 2220 2314 2302; baseline 0.002 -26"><span class='ocrx_word' id='word_1_194' title='bbox 1300 2222 1395 2302; x_wconf 39' lang='lat' dir='ltr'><strong>L5.</strong></span> <span class='ocrx_word' id='word_1_195' title='bbox 1437 2220 1725 2302; x_wconf 61' lang='lat' dir='ltr'><strong>Armatum</strong></span> <span class='ocrx_word' id='word_1_196' title='bbox 1751 2220 2109 2277; x_wconf 85' lang='lat' dir='ltr'><strong>circumdabit</strong></span> <span class='ocrx_word' id='word_1_197' title='bbox 2146 2228 2198 2277; x_wconf 89' lang='lat' dir='ltr'><strong>te</strong></span> <span class='ocrx_word' id='word_1_198' title='bbox 2218 2236 2314 2278; x_wconf 82' lang='lat' dir='ltr'><strong>ve-</strong></span> 
     </span>
    </p>
   </div>
   <div class='ocr_carea' id='block_1_54' title="bbox 1270 2300 1571 2360">
    <p class='ocr_par' dir='ltr' id='par_1_54' title="bbox 1270 2300 1571 2360">
     <span class='ocr_line' id='line_1_54' title="bbox 1270 2300 1571 2360; baseline 0.003 -17"><span class='ocrx_word' id='word_1_199' title='bbox 1270 2300 1403 2346; x_wconf 85' lang='lat' dir='ltr'><strong>ritas</strong></span> <span class='ocrx_word' id='word_1_200' title='bbox 1433 2300 1571 2360; x_wconf 82' lang='lat' dir='ltr'><strong>ejus.</strong></span> 
     </span>
    </p>
   </div>
   <div class='ocr_carea' id='block_1_55' title="bbox 1339 2452 2309 2523">
    <p class='ocr_par' dir='ltr' id='par_1_55' title="bbox 1339 2452 2309 2523">
     <span class='ocr_line' id='line_1_55' title="bbox 1339 2452 2309 2523; baseline 0 -16"><span class='ocrx_word' id='word_1_201' title='bbox 1339 2454 1391 2507; x_wconf 86' lang='lat'><strong>6.</strong></span> <span class='ocrx_word' id='word_1_202' title='bbox 1432 2452 1474 2505; x_wconf 86' lang='lat' dir='ltr'><strong>A</strong></span> <span class='ocrx_word' id='word_1_203' title='bbox 1524 2453 1741 2523; x_wconf 87' lang='lat' dir='ltr'><strong>negotio</strong></span> <span class='ocrx_word' id='word_1_204' title='bbox 1790 2453 2200 2523; x_wconf 87' lang='lat' dir='ltr'><strong>perambulante</strong></span> <span class='ocrx_word' id='word_1_205' title='bbox 2254 2454 2309 2507; x_wconf 92' lang='lat' dir='ltr'><strong>in</strong></span> 
     </span>
    </p>
   </div>
   <div class='ocr_carea' id='block_1_56' title="bbox 1274 2523 1535 2577">
    <p class='ocr_par' dir='ltr' id='par_1_56' title="bbox 1274 2523 1535 2577">
     <span class='ocr_line' id='line_1_56' title="bbox 1274 2523 1535 2577; baseline 0.004 -1"><span class='ocrx_word' id='word_1_206' title='bbox 1274 2523 1535 2577; x_wconf 89' lang='lat' dir='ltr'><strong>tenebris.</strong></span> 
     </span>
    </p>
   </div>
   <div class='ocr_carea' id='block_1_57' title="bbox 1336 2684 2307 2740">
    <p class='ocr_par' dir='ltr' id='par_1_57' title="bbox 1336 2684 2307 2740">
     <span class='ocr_line' id='line_1_57' title="bbox 1336 2684 2307 2740; baseline -0.001 -1"><span class='ocrx_word' id='word_1_207' title='bbox 1336 2684 1383 2739; x_wconf 81' lang='grc' dir='ltr'>Α</span> <span class='ocrx_word' id='word_1_208' title='bbox 1416 2684 1573 2740; x_wconf 89' lang='lat' dir='ltr'><strong>ruina</strong></span> <span class='ocrx_word' id='word_1_209' title='bbox 1606 2692 1658 2739; x_wconf 83' lang='lat' dir='ltr'><strong>et</strong></span> <span class='ocrx_word' id='word_1_210' title='bbox 1693 2684 1962 2739; x_wconf 71' lang='lat' dir='ltr'><strong>daemonio</strong></span> <span class='ocrx_word' id='word_1_211' title='bbox 1985 2684 2307 2740; x_wconf 87' lang='lat' dir='ltr'><strong>meridiano.</strong></span> 
     </span>
    </p>
   </div>
   <div class='ocr_carea' id='block_1_58' title="bbox 1338 2846 1815 2901">
    <p class='ocr_par' dir='ltr' id='par_1_58' title="bbox 1338 2846 1815 2901">
     <span class='ocr_line' id='line_1_58' title="bbox 1338 2846 1815 2901; baseline 0.008 -4"><span class='ocrx_word' id='word_1_212' title='bbox 1338 2846 1389 2901; x_wconf 90' lang='lat'><strong>7.</strong></span> <span class='ocrx_word' id='word_1_213' title='bbox 1430 2846 1470 2898; x_wconf 83' lang='lat' dir='ltr'><strong>A</strong></span> <span class='ocrx_word' id='word_1_214' title='bbox 1503 2846 1670 2900; x_wconf 84' lang='lat' dir='ltr'><strong>latere</strong></span> <span class='ocrx_word' id='word_1_215' title='bbox 1700 2852 1815 2901; x_wconf 91' lang='lat' dir='ltr'><strong>tuo.</strong></span> 
     </span>
    </p>
   </div>
   <div class='ocr_carea' id='block_1_59' title="bbox 1337 2934 2312 3002">
    <p class='ocr_par' dir='ltr' id='par_1_59' title="bbox 1337 2934 2312 3002">
     <span class='ocr_line' id='line_1_59' title="bbox 1337 2934 2312 3002; baseline -0.001 -13"><span class='ocrx_word' id='word_1_216' title='bbox 1337 2936 1389 2989; x_wconf 87' lang='lat'><strong>9.</strong></span> <span class='ocrx_word' id='word_1_217' title='bbox 1432 2936 1697 3000; x_wconf 89' lang='lat' dir='ltr'><strong>Quoniam</strong></span> <span class='ocrx_word' id='word_1_218' title='bbox 1744 2943 1801 2988; x_wconf 92' lang='lat' dir='ltr'><strong>tu</strong></span> <span class='ocrx_word' id='word_1_219' title='bbox 1828 2974 1843 2997; x_wconf 89' lang='lat'><strong>,</strong></span> <span class='ocrx_word' id='word_1_220' title='bbox 1896 2934 2141 2996; x_wconf 87' lang='lat' dir='ltr'><strong>Domine,</strong></span> <span class='ocrx_word' id='word_1_221' title='bbox 2186 2948 2312 3002; x_wconf 88' lang='lat' dir='ltr'><strong>spes</strong></span> 
     </span>
    </p>
   </div>
   <div class='ocr_carea' id='block_1_60' title="bbox 1270 3003 2313 3075">
    <p class='ocr_par' dir='ltr' id='par_1_60' title="bbox 1270 3003 2313 3075">
     <span class='ocr_line' id='line_1_60' title="bbox 1270 3003 2313 3075; baseline -0.001 -16"><span class='ocrx_word' id='word_1_222' title='bbox 1270 3022 1389 3059; x_wconf 91' lang='lat' dir='ltr'><strong>mea</strong></span> <span class='ocrx_word' id='word_1_223' title='bbox 1435 3024 1447 3059; x_wconf 94' lang='lat'>:</span> <span class='ocrx_word' id='word_1_224' title='bbox 1491 3006 1831 3059; x_wconf 88' lang='lat' dir='ltr'><strong>Altissimum</strong></span> <span class='ocrx_word' id='word_1_225' title='bbox 1880 3004 2111 3075; x_wconf 91' lang='lat' dir='ltr'><strong>posuisti</strong></span> <span class='ocrx_word' id='word_1_226' title='bbox 2168 3003 2313 3058; x_wconf 81' lang='lat' dir='ltr'><strong>refu-</strong></span> 
     </span>
    </p>
   </div>
   <div class='ocr_carea' id='block_1_61' title="bbox 1269 3075 1822 3146">
    <p class='ocr_par' dir='ltr' id='par_1_61' title="bbox 1269 3075 1822 3146">
     <span class='ocr_line' id='line_1_61' title="bbox 1269 3075 1822 3146; baseline 0 -16"><span class='ocrx_word' id='word_1_227' title='bbox 1269 3076 1414 3146; x_wconf 84' lang='lat' dir='ltr'><strong>gium</strong></span> <span class='ocrx_word' id='word_1_228' title='bbox 1448 3086 1621 3130; x_wconf 90' lang='lat' dir='ltr'><strong>tuum.</strong></span> <span class='ocrx_word' id='word_1_229' title='bbox 1648 3075 1711 3139; x_wconf 85' lang='lat' dir='ltr'><strong>V,</strong></span> <span class='ocrx_word' id='word_1_230' title='bbox 1744 3076 1822 3130; x_wconf 78' lang='lat' dir='ltr'><strong>id.</strong></span> 
     </span>
    </p>
   </div>
   <div class='ocr_carea' id='block_1_62' title="bbox 1340 3300 2304 3367">
    <p class='ocr_par' dir='ltr' id='par_1_62' title="bbox 1340 3300 2304 3367">
     <span class='ocr_line' id='line_1_62' title="bbox 1340 3300 2304 3367; baseline 0.002 -12"><span class='ocrx_word' id='word_1_231' title='bbox 1340 3302 1428 3357; x_wconf 90' lang='lat' dir='ltr'><strong>l0.</strong></span> <span class='ocrx_word' id='word_1_232' title='bbox 1469 3300 1584 3355; x_wconf 81' lang='lat' dir='ltr'><strong>Non</strong></span> <span class='ocrx_word' id='word_1_233' title='bbox 1630 3303 1889 3358; x_wconf 90' lang='lat' dir='ltr'><strong>accedent</strong></span> <span class='ocrx_word' id='word_1_234' title='bbox 1922 3300 1987 3355; x_wconf 88' lang='lat' dir='ltr'><strong>ad</strong></span> <span class='ocrx_word' id='word_1_235' title='bbox 2029 3311 2081 3356; x_wconf 94' lang='lat' dir='ltr'><strong>te</strong></span> <span class='ocrx_word' id='word_1_236' title='bbox 2138 3302 2304 3367; x_wconf 87' lang='lat' dir='ltr'><strong>mala,</strong></span> 
     </span>
    </p>
   </div>
   <div class='ocr_carea' id='block_1_63' title="bbox 1266 3373 2309 3443">
    <p class='ocr_par' dir='ltr' id='par_1_63' title="bbox 1266 3373 2309 3443">
     <span class='ocr_line' id='line_1_63' title="bbox 1266 3373 2309 3443; baseline 0 -16"><span class='ocrx_word' id='word_1_237' title='bbox 1266 3380 1321 3428; x_wconf 92' lang='lat' dir='ltr'><strong>et</strong></span> <span class='ocrx_word' id='word_1_238' title='bbox 1364 3373 1633 3441; x_wconf 85' lang='lat' dir='ltr'><strong>ﬂagellum</strong></span> <span class='ocrx_word' id='word_1_239' title='bbox 1686 3388 1793 3427; x_wconf 90' lang='lat' dir='ltr'><strong>non</strong></span> <span class='ocrx_word' id='word_1_240' title='bbox 1851 3373 2309 3443; x_wconf 82' lang='lat' dir='ltr'><strong>appropinquabit</strong></span> 
     </span>
    </p>
   </div>
   <div class='ocr_carea' id='block_1_64' title="bbox 1266 3443 1762 3499">
    <p class='ocr_par' dir='ltr' id='par_1_64' title="bbox 1266 3443 1762 3499">
     <span class='ocr_line' id='line_1_64' title="bbox 1266 3443 1762 3499; baseline -0.004 -2"><span class='ocrx_word' id='word_1_241' title='bbox 1266 3443 1616 3499; x_wconf 85' lang='lat' dir='ltr'><strong>tabernaculo</strong></span> <span class='ocrx_word' id='word_1_242' title='bbox 1648 3451 1762 3497; x_wconf 93' lang='lat' dir='ltr'><strong>tuo.</strong></span> 
     </span>
    </p>
   </div>
   <div class='ocr_carea' id='block_1_65' title="bbox 1341 3672 2310 3744">
    <p class='ocr_par' dir='ltr' id='par_1_65' title="bbox 1341 3672 2310 3744">
     <span class='ocr_line' id='line_1_65' title="bbox 1341 3672 2310 3744; baseline -0.005 -15"><span class='ocrx_word' id='word_1_243' title='bbox 1341 3677 1426 3729; x_wconf 91' lang='lat' dir='ltr'><strong>ll.</strong></span> <span class='ocrx_word' id='word_1_244' title='bbox 1470 3675 1735 3741; x_wconf 78' lang='lat' dir='ltr'><strong>Quoniam</strong></span> <span class='ocrx_word' id='word_1_245' title='bbox 1767 3674 1983 3744; x_wconf 81' lang='lat' dir='ltr'><strong>angelis</strong></span> <span class='ocrx_word' id='word_1_246' title='bbox 2010 3672 2124 3727; x_wconf 89' lang='lat' dir='ltr'><strong>suis</strong></span> <span class='ocrx_word' id='word_1_247' title='bbox 2154 3688 2310 3744; x_wconf 86' lang='lat' dir='ltr'><strong>man-</strong></span> 
     </span>
    </p>
   </div>
   <div class='ocr_carea' id='block_1_66' title="bbox 1268 3742 2307 3810">
    <p class='ocr_par' dir='ltr' id='par_1_66' title="bbox 1268 3742 2307 3810">
     <span class='ocr_line' id='line_1_66' title="bbox 1268 3742 2307 3810; baseline -0.006 -9"><span class='ocrx_word' id='word_1_248' title='bbox 1268 3747 1418 3801; x_wconf 87' lang='lat' dir='ltr'><strong>dabit</strong></span> <span class='ocrx_word' id='word_1_249' title='bbox 1466 3749 1532 3800; x_wconf 91' lang='lat' dir='ltr'><strong>de</strong></span> <span class='ocrx_word' id='word_1_250' title='bbox 1570 3758 1641 3810; x_wconf 89' lang='lat' dir='ltr'><strong>te,</strong></span> <span class='ocrx_word' id='word_1_251' title='bbox 1689 3754 1746 3797; x_wconf 90' lang='lat' dir='ltr'><strong>ut</strong></span> <span class='ocrx_word' id='word_1_252' title='bbox 1796 3742 2109 3799; x_wconf 82' lang='lat' dir='ltr'><strong>custodiant</strong></span> <span class='ocrx_word' id='word_1_253' title='bbox 2153 3753 2205 3797; x_wconf 91' lang='lat' dir='ltr'><strong>te</strong></span> <span class='ocrx_word' id='word_1_254' title='bbox 2254 3742 2307 3795; x_wconf 91' lang='lat' dir='ltr'><strong>in</strong></span> 
     </span>
    </p>
   </div>
   <div class='ocr_carea' id='block_1_67' title="bbox 1267 3816 1799 3871">
    <p class='ocr_par' dir='ltr' id='par_1_67' title="bbox 1267 3816 1799 3871">
     <span class='ocr_line' id='line_1_67' title="bbox 1267 3816 1799 3871; baseline -0.004 0"><span class='ocrx_word' id='word_1_255' title='bbox 1267 3817 1521 3871; x_wconf 87' lang='lat' dir='ltr'><strong>omnibus</strong></span> <span class='ocrx_word' id='word_1_256' title='bbox 1554 3816 1654 3870; x_wconf 79' lang='lat' dir='ltr'><strong>viis</strong></span> <span class='ocrx_word' id='word_1_257' title='bbox 1692 3816 1799 3869; x_wconf 90' lang='lat' dir='ltr'><strong>tuis</strong></span> 
     </span>
    </p>
   </div>
   <div class='ocr_carea' id='block_1_68' title="bbox 3288 287 3425 345">
    <p class='ocr_par' dir='ltr' id='par_1_68' title="bbox 3288 287 3425 345">
     <span class='ocr_line' id='line_1_68' title="bbox 3288 287 3425 345; baseline 0.007 -1"><span class='ocrx_word' id='word_1_258' title='bbox 3288 287 3425 345; x_wconf 75' lang='lat' dir='ltr'><strong>l090</strong></span> 
     </span>
    </p>
   </div>
   <div class='ocr_carea' id='block_1_69' title="bbox 2700 396 3097 453">
    <p class='ocr_par' dir='ltr' id='par_1_69' title="bbox 2700 396 3097 453">
     <span class='ocr_line' id='line_1_69' title="bbox 2700 396 3097 453; baseline 0.008 -3"><span class='ocrx_word' id='word_1_259' title='bbox 2700 396 3097 453; x_wconf 81' lang='grc' dir='ltr'><strong>ΘΕΟΔΟΤΙΩΝ.</strong></span> 
     </span>
    </p>
   </div>
   <div class='ocr_carea' id='block_1_70' title="bbox 2459 558 2519 705">
    <p class='ocr_par' dir='ltr' id='par_1_70' title="bbox 2459 558 2519 705">
     <span class='ocr_line' id='line_1_70' title="bbox 2462 558 2519 615; baseline 0.053 -3"><span class='ocrx_word' id='word_1_260' title='bbox 2462 558 2519 615; x_wconf 80' lang='grc'>5.</span> 
     </span>
     <span class='ocr_line' id='line_1_71' title="bbox 2459 651 2514 705; baseline 0 0"><span class='ocrx_word' id='word_1_261' title='bbox 2459 651 2514 705; x_wconf 83' lang='lat'><strong>5.</strong></span> 
     </span>
    </p>
   </div>
   <div class='ocr_carea' id='block_1_71' title="bbox 2460 1450 2543 1505">
    <p class='ocr_par' dir='ltr' id='par_1_71' title="bbox 2460 1450 2543 1505">
     <span class='ocr_line' id='line_1_72' title="bbox 2460 1450 2543 1505; baseline 0.012 -1"><span class='ocrx_word' id='word_1_262' title='bbox 2460 1450 2543 1505; x_wconf 76' lang='grc'><strong>10.</strong></span> 
     </span>
    </p>
   </div>
   <div class='ocr_carea' id='block_1_72' title="bbox 2460 1682 2547 1736">
    <p class='ocr_par' dir='ltr' id='par_1_72' title="bbox 2460 1682 2547 1736">
     <span class='ocr_line' id='line_1_73' title="bbox 2460 1682 2547 1736; baseline 0 -1"><span class='ocrx_word' id='word_1_263' title='bbox 2460 1682 2547 1736; x_wconf 88' lang='lat' dir='ltr'><strong>ll.</strong></span> 
     </span>
    </p>
   </div>
   <div class='ocr_carea' id='block_1_73' title="bbox 2703 1940 3120 2000">
    <p class='ocr_par' dir='ltr' id='par_1_73' title="bbox 2703 1940 3120 2000">
     <span class='ocr_line' id='line_1_74' title="bbox 2703 1940 3120 2000; baseline 0.012 -5"><span class='ocrx_word' id='word_1_264' title='bbox 2703 1940 3120 2000; x_wconf 82' lang='lat' dir='ltr'><strong>TllEODOTIO.</strong></span> 
     </span>
    </p>
   </div>
   <div class='ocr_carea' id='block_1_74' title="bbox 2457 3669 2547 3725">
    <p class='ocr_par' dir='ltr' id='par_1_74' title="bbox 2457 3669 2547 3725">
     <span class='ocr_line' id='line_1_75' title="bbox 2457 3669 2547 3725; baseline 0.011 -1"><span class='ocrx_word' id='word_1_265' title='bbox 2457 3669 2547 3725; x_wconf 79' lang='lat' dir='ltr'><strong>ll.</strong></span> 
     </span>
    </p>
   </div>
   <div class='ocr_carea' id='block_1_75' title="bbox 1015 3973 2551 4040">
    <p class='ocr_par' dir='ltr' id='par_1_75' title="bbox 1015 3973 2551 4040">
     <span class='ocr_line' id='line_1_76' title="bbox 1015 3973 2551 4040; baseline -0.003 0"><span class='ocrx_word' id='word_1_266' title='bbox 1015 3980 1190 4040; x_wconf 61' lang='lat' dir='ltr'><strong>Notae</strong></span> <span class='ocrx_word' id='word_1_267' title='bbox 1225 3984 1285 4039; x_wconf 88' lang='lat' dir='ltr'><strong>et</strong></span> <span class='ocrx_word' id='word_1_268' title='bbox 1330 3976 1521 4038; x_wconf 61' lang='lat' dir='ltr'><strong>varice</strong></span> <span class='ocrx_word' id='word_1_269' title='bbox 1568 3975 1873 4037; x_wconf 86' lang='lat' dir='ltr'><strong>lectiones</strong></span> <span class='ocrx_word' id='word_1_270' title='bbox 1932 3973 2008 4034; x_wconf 84' lang='lat' dir='ltr'><strong>ad</strong></span> <span class='ocrx_word' id='word_1_271' title='bbox 2057 3976 2378 4034; x_wconf 78' lang='lat' dir='ltr'><strong>Psalmum</strong></span> <span class='ocrx_word' id='word_1_272' title='bbox 2420 3973 2551 4035; x_wconf 85' lang='lat' dir='ltr'><strong>XC.</strong></span> 
     </span>
    </p>
   </div>
   <div class='ocr_carea' id='block_1_76' title="bbox 150 4103 1320 4173">
    <p class='ocr_par' dir='ltr' id='par_1_76' title="bbox 150 4103 1320 4173">
     <span class='ocr_line' id='line_1_77' title="bbox 150 4103 1320 4173; baseline -0.008 -11"><span class='ocrx_word' id='word_1_273' title='bbox 150 4108 313 4162; x_wconf 84' lang='lat' dir='ltr'><strong>chum</strong></span> <span class='ocrx_word' id='word_1_274' title='bbox 345 4103 593 4166; x_wconf 85' lang='lat' dir='ltr'><strong>Corder.,</strong></span> <span class='ocrx_word' id='word_1_275' title='bbox 628 4104 734 4157; x_wconf 82' lang='grc' dir='ltr'><strong>ἀπὸ</strong></span> <span class='ocrx_word' id='word_1_276' title='bbox 769 4119 1190 4173; x_wconf 83' lang='grc' dir='ltr'>συγκυρηματος</span> <span class='ocrx_word' id='word_1_277' title='bbox 1214 4110 1320 4155; x_wconf 88' lang='lat' dir='ltr'><strong>etc.</strong></span> 
     </span>
    </p>
   </div>
   <div class='ocr_carea' id='block_1_77' title="bbox 228 4170 1629 4239">
    <p class='ocr_par' dir='ltr' id='par_1_77' title="bbox 228 4170 1629 4239">
     <span class='ocr_line' id='line_1_78' title="bbox 228 4170 1629 4239; baseline -0.004 -11"><span class='ocrx_word' id='word_1_278' title='bbox 228 4177 293 4229; x_wconf 74' lang='grc' dir='ltr'>γ.</span> <span class='ocrx_word' id='word_1_279' title='bbox 321 4176 373 4229; x_wconf 89' lang='grc'><strong>7.</strong></span> <span class='ocrx_word' id='word_1_280' title='bbox 426 4176 532 4239; x_wconf 78' lang='grc' dir='ltr'>’Λ.,</span> <span class='ocrx_word' id='word_1_281' title='bbox 559 4176 639 4232; x_wconf 76' lang='grc' dir='ltr'><strong>Σ..</strong></span> <span class='ocrx_word' id='word_1_282' title='bbox 673 4176 737 4226; x_wconf 82' lang='grc' dir='ltr'><strong>ἐκ</strong></span> <span class='ocrx_word' id='word_1_283' title='bbox 768 4174 860 4225; x_wconf 75' lang='grc' dir='ltr'>τοῦ</span> <span class='ocrx_word' id='word_1_284' title='bbox 898 4170 1124 4239; x_wconf 78' lang='grc' dir='ltr'>πλαγίου</span> <span class='ocrx_word' id='word_1_285' title='bbox 1157 4187 1269 4223; x_wconf 85' lang='grc' dir='ltr'>σου.</span> <span class='ocrx_word' id='word_1_286' title='bbox 1299 4170 1629 4239; x_wconf 22' lang='lat' dir='ltr'><strong>Siciomnes.</strong></span> 
     </span>
    </p>
   </div>
   <div class='ocr_carea' id='block_1_78' title="bbox 224 4238 1663 4301">
    <p class='ocr_par' dir='ltr' id='par_1_78' title="bbox 224 4238 1663 4301">
     <span class='ocr_line' id='line_1_79' title="bbox 224 4238 1663 4301; baseline -0.003 -6"><span class='ocrx_word' id='word_1_287' title='bbox 224 4244 290 4301; x_wconf 75' lang='grc' dir='ltr'><strong>ν.</strong></span> <span class='ocrx_word' id='word_1_288' title='bbox 319 4244 370 4297; x_wconf 91' lang='grc'><strong>9.</strong></span> <span class='ocrx_word' id='word_1_289' title='bbox 413 4245 534 4296; x_wconf 81' lang='grc' dir='ltr'>’Ότι</span> <span class='ocrx_word' id='word_1_290' title='bbox 561 4254 665 4297; x_wconf 85' lang='lat' dir='ltr'><strong>etc.</strong></span> <span class='ocrx_word' id='word_1_291' title='bbox 707 4243 811 4297; x_wconf 87' lang='lat' dir='ltr'><strong>llas</strong></span> <span class='ocrx_word' id='word_1_292' title='bbox 844 4245 1104 4296; x_wconf 86' lang='lat' dir='ltr'><strong>lectiones</strong></span> <span class='ocrx_word' id='word_1_293' title='bbox 1136 4240 1354 4293; x_wconf 82' lang='lat' dir='ltr'><strong>exhibet</strong></span> <span class='ocrx_word' id='word_1_294' title='bbox 1376 4238 1663 4293; x_wconf 89' lang='lat' dir='ltr'><strong>Eusebius.</strong></span> 
     </span>
    </p>
   </div>
   <div class='ocr_carea' id='block_1_79' title="bbox 223 4306 1726 4384">
    <p class='ocr_par' dir='ltr' id='par_1_79' title="bbox 223 4306 1726 4384">
     <span class='ocr_line' id='line_1_80' title="bbox 223 4306 1726 4384; baseline -0.004 -17"><span class='ocrx_word' id='word_1_295' title='bbox 223 4314 288 4367; x_wconf 71' lang='grc' dir='ltr'><strong>ν.</strong></span> <span class='ocrx_word' id='word_1_296' title='bbox 324 4315 407 4368; x_wconf 89' lang='lat' dir='ltr'><strong>l0.</strong></span> <span class='ocrx_word' id='word_1_297' title='bbox 461 4315 562 4381; x_wconf 87' lang='grc' dir='ltr'>Ἀ.,</span> <span class='ocrx_word' id='word_1_298' title='bbox 596 4315 655 4366; x_wconf 79' lang='grc' dir='ltr'><strong>οὐ</strong></span> <span class='ocrx_word' id='word_1_299' title='bbox 690 4312 1091 4384; x_wconf 82' lang='grc' dir='ltr'>μεταχθήσεται</span> <span class='ocrx_word' id='word_1_300' title='bbox 1124 4320 1227 4365; x_wconf 89' lang='lat' dir='ltr'><strong>etc.</strong></span> <span class='ocrx_word' id='word_1_301' title='bbox 1274 4309 1503 4363; x_wconf 86' lang='lat' dir='ltr'><strong>Drusius</strong></span> <span class='ocrx_word' id='word_1_302' title='bbox 1532 4317 1587 4362; x_wconf 86' lang='lat' dir='ltr'><strong>et</strong></span> <span class='ocrx_word' id='word_1_303' title='bbox 1615 4306 1726 4361; x_wconf 90' lang='lat' dir='ltr'><strong>Eu-</strong></span> 
     </span>
    </p>
   </div>
   <div class='ocr_carea' id='block_1_80' title="bbox 150 4386 363 4441">
    <p class='ocr_par' dir='ltr' id='par_1_80' title="bbox 150 4386 363 4441">
     <span class='ocr_line' id='line_1_81' title="bbox 150 4386 363 4441; baseline -0.014 0"><span class='ocrx_word' id='word_1_304' title='bbox 150 4386 363 4441; x_wconf 86' lang='lat' dir='ltr'><strong>sebius.</strong></span> 
     </span>
    </p>
   </div>
   <div class='ocr_carea' id='block_1_81' title="bbox 468 4598 871 4651">
    <p class='ocr_par' dir='ltr' id='par_1_81' title="bbox 468 4598 871 4651">
     <span class='ocr_line' id='line_1_82' title="bbox 468 4598 871 4651; baseline -0.005 0"><span class='ocrx_word' id='word_1_305' title='bbox 468 4598 871 4651; x_wconf 81' lang='grc' dir='ltr'><strong>ΣΥΜΜΑΧΟΣ.</strong></span> 
     </span>
    </p>
   </div>
   <div class='ocr_carea' id='block_1_82' title="bbox 224 4734 1186 4809">
    <p class='ocr_par' dir='ltr' id='par_1_82' title="bbox 224 4734 1186 4809">
     <span class='ocr_line' id='line_1_83' title="bbox 224 4734 1186 4809; baseline -0.008 -17"><span class='ocrx_word' id='word_1_306' title='bbox 224 4738 275 4792; x_wconf 89' lang='lat'><strong>6.</strong></span> <span class='ocrx_word' id='word_1_307' title='bbox 311 4738 521 4809; x_wconf 77' lang='grc' dir='ltr'>Σφόδρα</span> <span class='ocrx_word' id='word_1_308' title='bbox 556 4736 737 4807; x_wconf 84' lang='grc' dir='ltr'>βαθεῖς</span> <span class='ocrx_word' id='word_1_309' title='bbox 770 4736 818 4787; x_wconf 80' lang='grc' dir='ltr'>οἱ</span> <span class='ocrx_word' id='word_1_310' title='bbox 851 4734 1186 4803; x_wconf 74' lang='grc' dir='ltr'>διαλογισμοί</span> 
     </span>
    </p>
   </div>
   <div class='ocr_carea' id='block_1_83' title="bbox 150 4825 713 4963">
    <p class='ocr_par' dir='ltr' id='par_1_83' title="bbox 150 4825 713 4963">
     <span class='ocr_line' id='line_1_84' title="bbox 150 4825 267 4861; baseline 0 0"><span class='ocrx_word' id='word_1_311' title='bbox 150 4825 267 4861; x_wconf 83' lang='grc' dir='ltr'>σου.</span> 
     </span>
     <span class='ocr_line' id='line_1_85' title="bbox 222 4892 713 4963; baseline -0.002 -17"><span class='ocrx_word' id='word_1_312' title='bbox 222 4894 276 4947; x_wconf 91' lang='lat'><strong>8.</strong></span> <span class='ocrx_word' id='word_1_313' title='bbox 318 4894 425 4945; x_wconf 72' lang='grc' dir='ltr'>Καὶ</span> <span class='ocrx_word' id='word_1_314' title='bbox 454 4892 713 4963; x_wconf 69' lang='grc' dir='ltr'>ἤνθησαν.</span> 
     </span>
    </p>
   </div>
   <div class='ocr_carea' id='block_1_84' title="bbox 224 4978 1189 5053">
    <p class='ocr_par' dir='ltr' id='par_1_84' title="bbox 224 4978 1189 5053">
     <span class='ocr_line' id='line_1_86' title="bbox 224 4978 1189 5053; baseline -0.007 -16"><span class='ocrx_word' id='word_1_315' title='bbox 224 4985 309 5039; x_wconf 91' lang='lat' dir='ltr'><strong>ll.</strong></span> <span class='ocrx_word' id='word_1_316' title='bbox 350 4984 460 5037; x_wconf 72' lang='grc' dir='ltr'>Καὶ</span> <span class='ocrx_word' id='word_1_317' title='bbox 512 4986 545 5053; x_wconf 82' lang='grc' dir='ltr'>ἡ</span> <span class='ocrx_word' id='word_1_318' title='bbox 597 4981 893 5046; x_wconf 85' lang='grc' dir='ltr'>παλαίωσίς</span> <span class='ocrx_word' id='word_1_319' title='bbox 957 4996 1056 5051; x_wconf 87' lang='grc' dir='ltr'><strong>μου</strong></span> <span class='ocrx_word' id='word_1_320' title='bbox 1114 4978 1189 5042; x_wconf 86' lang='grc' dir='ltr'>ὡς</span> 
     </span>
    </p>
   </div>
   <div class='ocr_carea' id='block_1_85' title="bbox 148 5053 587 5124">
    <p class='ocr_par' dir='ltr' id='par_1_85' title="bbox 148 5053 587 5124">
     <span class='ocr_line' id='line_1_87' title="bbox 148 5053 587 5124; baseline -0.007 -16"><span class='ocrx_word' id='word_1_321' title='bbox 148 5055 305 5108; x_wconf 79' lang='grc' dir='ltr'>ἐλαία</span> <span class='ocrx_word' id='word_1_322' title='bbox 337 5053 587 5124; x_wconf 68' lang='grc' dir='ltr'>εὐθαλὴς.</span> 
     </span>
    </p>
   </div>
   <div class='ocr_carea' id='block_1_86' title="bbox 444 5142 886 5199">
    <p class='ocr_par' dir='ltr' id='par_1_86' title="bbox 444 5142 886 5199">
     <span class='ocr_line' id='line_1_88' title="bbox 444 5142 886 5199; baseline -0.007 0"><span class='ocrx_word' id='word_1_323' title='bbox 444 5142 886 5199; x_wconf 74' lang='lat' dir='ltr'><strong>SYMMACHUS.</strong></span> 
     </span>
    </p>
   </div>
   <div class='ocr_carea' id='block_1_87' title="bbox 146 5232 1189 5365">
    <p class='ocr_par' dir='ltr' id='par_1_87' title="bbox 146 5232 1189 5365">
     <span class='ocr_line' id='line_1_89' title="bbox 146 5232 1189 5365; baseline -0.003 -72"><span class='ocrx_word' id='word_1_324' title='bbox 146 5318 169 5365; x_wconf 60' lang='grc' dir='ltr'>ι</span> <span class='ocrx_word' id='word_1_325' title='bbox 222 5238 275 5293; x_wconf 88' lang='grc'><strong>6.</strong></span> <span class='ocrx_word' id='word_1_326' title='bbox 319 5237 487 5293; x_wconf 82' lang='lat' dir='ltr'><strong>Valde</strong></span> <span class='ocrx_word' id='word_1_327' title='bbox 515 5236 796 5307; x_wconf 74' lang='lat' dir='ltr'><strong>profunda:</strong></span> <span class='ocrx_word' id='word_1_328' title='bbox 833 5232 1189 5307; x_wconf 79' lang='lat' dir='ltr'><strong>cogitationes</strong></span> 
     </span>
     <span class='ocr_line' id='line_1_90' title="bbox 175 5326 276 5365; baseline 0.02 -2"><span class='ocrx_word' id='word_1_329' title='bbox 175 5326 276 5365; x_wconf 77' lang='lat' dir='ltr'><strong>uae.</strong></span> 
     </span>
    </p>
   </div>
   <div class='ocr_carea' id='block_1_88' title="bbox 175 5326 276 5365">
    <p class='ocr_par' dir='ltr' id='par_1_88' title="bbox 175 5326 276 5365">
     <span class='ocr_line' id='line_1_91' title="bbox 175 5326 276 5365; baseline 0.02 -2"><span class='ocrx_word' id='word_1_330' title='bbox 175 5326 276 5365; x_wconf 70' lang='lat'><strong>&quot;83.</strong></span> 
     </span>
    </p>
   </div>
   <div class='ocr_carea' id='block_1_89' title="bbox 223 5467 729 5524">
    <p class='ocr_par' dir='ltr' id='par_1_89' title="bbox 223 5467 729 5524">
     <span class='ocr_line' id='line_1_92' title="bbox 223 5467 729 5524; baseline -0.004 -2"><span class='ocrx_word' id='word_1_331' title='bbox 223 5470 277 5524; x_wconf 90' lang='lat'><strong>8.</strong></span> <span class='ocrx_word' id='word_1_332' title='bbox 319 5467 384 5523; x_wconf 82' lang='lat' dir='ltr'><strong>Et</strong></span> <span class='ocrx_word' id='word_1_333' title='bbox 418 5468 729 5523; x_wconf 83' lang='lat' dir='ltr'><strong>ﬂoruerunt.</strong></span> 
     </span>
    </p>
   </div>
   <div class='ocr_carea' id='block_1_90' title="bbox 223 5623 1187 5682">
    <p class='ocr_par' dir='ltr' id='par_1_90' title="bbox 223 5623 1187 5682">
     <span class='ocr_line' id='line_1_93' title="bbox 223 5623 1187 5682; baseline 0 -3"><span class='ocrx_word' id='word_1_334' title='bbox 223 5627 308 5681; x_wconf 90' lang='lat' dir='ltr'><strong>ll.</strong></span> <span class='ocrx_word' id='word_1_335' title='bbox 355 5627 416 5682; x_wconf 90' lang='lat' dir='ltr'><strong>Et</strong></span> <span class='ocrx_word' id='word_1_336' title='bbox 439 5634 675 5682; x_wconf 80' lang='lat' dir='ltr'><strong>vetustas</strong></span> <span class='ocrx_word' id='word_1_337' title='bbox 705 5640 821 5680; x_wconf 89' lang='lat' dir='ltr'><strong>mea</strong></span> <span class='ocrx_word' id='word_1_338' title='bbox 847 5632 907 5680; x_wconf 90' lang='lat' dir='ltr'><strong>ut</strong></span> <span class='ocrx_word' id='word_1_339' title='bbox 928 5624 1068 5681; x_wconf 76' lang='lat' dir='ltr'><strong>oliva</strong></span> <span class='ocrx_word' id='word_1_340' title='bbox 1094 5623 1187 5679; x_wconf 87' lang='lat' dir='ltr'><strong>ﬂo-</strong></span> 
     </span>
    </p>
   </div>
   <div class='ocr_carea' id='block_1_91' title="bbox 70 5698 286 5755">
    <p class='ocr_par' dir='ltr' id='par_1_91' title="bbox 70 5698 286 5755">
     <span class='ocr_line' id='line_1_94' title="bbox 70 5698 286 5755; baseline 0.019 -10"><span class='ocrx_word' id='word_1_341' title='bbox 70 5742 71 5745; x_wconf 45' lang='grc' dir='ltr'><strong>η</strong></span> <span class='ocrx_word' id='word_1_342' title='bbox 149 5698 286 5755; x_wconf 88' lang='lat' dir='ltr'><strong>rida.</strong></span> 
     </span>
    </p>
   </div>
   <div class='ocr_carea' id='block_1_92' title="bbox 1260 4802 1445 4870">
    <p class='ocr_par' dir='ltr' id='par_1_92' title="bbox 1260 4802 1445 4870">
     <span class='ocr_line' id='line_1_95' title="bbox 1260 4802 1445 4870; baseline 0 -18"><span class='ocrx_word' id='word_1_343' title='bbox 1260 4802 1445 4870; x_wconf 88' lang='grc' dir='ltr'>γισμοί</span> 
     </span>
    </p>
   </div>
   <div class='ocr_carea' id='block_1_93' title="bbox 1915 4096 3416 4166">
    <p class='ocr_par' dir='ltr' id='par_1_93' title="bbox 1915 4096 3416 4166">
     <span class='ocr_line' id='line_1_96' title="bbox 1915 4096 3416 4166; baseline 0.003 -16"><span class='ocrx_word' id='word_1_344' title='bbox 1915 4098 1976 4150; x_wconf 86' lang='lat' dir='ltr'><strong>V.</strong></span> <span class='ocrx_word' id='word_1_345' title='bbox 2014 4098 2099 4151; x_wconf 92' lang='lat' dir='ltr'><strong>ll.</strong></span> <span class='ocrx_word' id='word_1_346' title='bbox 2154 4098 2258 4159; x_wconf 82' lang='lat' dir='ltr'><strong>&#39;A.,</strong></span> <span class='ocrx_word' id='word_1_347' title='bbox 2294 4099 2374 4150; x_wconf 80' lang='grc' dir='ltr'><strong>ὅτι</strong></span> <span class='ocrx_word' id='word_1_348' title='bbox 2418 4104 2670 4166; x_wconf 77' lang='grc' dir='ltr'>αγγελοις</span> <span class='ocrx_word' id='word_1_349' title='bbox 2712 4105 2815 4152; x_wconf 91' lang='lat' dir='ltr'><strong>etc.</strong></span> <span class='ocrx_word' id='word_1_350' title='bbox 2858 4096 3083 4153; x_wconf 85' lang='lat' dir='ltr'><strong>Drusius</strong></span> <span class='ocrx_word' id='word_1_351' title='bbox 3129 4106 3183 4153; x_wconf 89' lang='lat' dir='ltr'><strong>et</strong></span> <span class='ocrx_word' id='word_1_352' title='bbox 3222 4115 3416 4155; x_wconf 84' lang='lat' dir='ltr'><strong>manu-</strong></span> 
     </span>
    </p>
   </div>
   <div class='ocr_carea' id='block_1_94' title="bbox 1839 4167 3418 4237">
    <p class='ocr_par' dir='ltr' id='par_1_94' title="bbox 1839 4167 3418 4237">
     <span class='ocr_line' id='line_1_97' title="bbox 1839 4167 3418 4237; baseline 0.002 -15"><span class='ocrx_word' id='word_1_353' title='bbox 1839 4171 2027 4235; x_wconf 90' lang='lat' dir='ltr'><strong>script.</strong></span> <span class='ocrx_word' id='word_1_354' title='bbox 2054 4167 2152 4237; x_wconf 84' lang='lat' dir='ltr'><strong>[Ad</strong></span> <span class='ocrx_word' id='word_1_355' title='bbox 2181 4184 2395 4221; x_wconf 84' lang='lat' dir='ltr'><strong>versum</strong></span> <span class='ocrx_word' id='word_1_356' title='bbox 2432 4179 2744 4236; x_wconf 71' lang='lat' dir='ltr'><strong>Sequente&quot;:</strong></span> <span class='ocrx_word' id='word_1_357' title='bbox 2779 4168 2865 4228; x_wconf 75' lang='lat'><strong>1‘2,</strong></span> <span class='ocrx_word' id='word_1_358' title='bbox 2897 4170 3118 4223; x_wconf 83' lang='lat' dir='ltr'><strong>exhibet</strong></span> <span class='ocrx_word' id='word_1_359' title='bbox 3147 4169 3418 4226; x_wconf 85' lang='lat' dir='ltr'><strong>Eusebius</strong></span> 
     </span>
    </p>
   </div>
   <div class='ocr_carea' id='block_1_95' title="bbox 1835 4238 3419 4309">
    <p class='ocr_par' dir='ltr' id='par_1_95' title="bbox 1835 4238 3419 4309">
     <span class='ocr_line' id='line_1_98' title="bbox 1835 4238 3419 4309; baseline 0.002 -17"><span class='ocrx_word' id='word_1_360' title='bbox 1835 4239 1888 4309; x_wconf 77' lang='lat' dir='ltr'><strong>in</strong></span> <span class='ocrx_word' id='word_1_361' title='bbox 1943 4238 2256 4309; x_wconf 68' lang='lat' dir='ltr'><strong>Comment.</strong></span> <span class='ocrx_word' id='word_1_362' title='bbox 2284 4253 2343 4309; x_wconf 22' lang='lat' dir='ltr'><strong>Ap.</strong></span> <span class='ocrx_word' id='word_1_363' title='bbox 2388 4238 2531 4309; x_wconf 10' lang='lat'><strong>59777,?</strong></span> <span class='ocrx_word' id='word_1_364' title='bbox 2581 4239 2887 4309; x_wconf 81' lang='lat' dir='ltr'><strong>versionem</strong></span> <span class='ocrx_word' id='word_1_365' title='bbox 2936 4239 3259 4309; x_wconf 67' lang='lat' dir='ltr'><strong>Symmachi</strong></span> <span class='ocrx_word' id='word_1_366' title='bbox 3298 4256 3419 4308; x_wconf 66' lang='lat' dir='ltr'><strong>qua:</strong></span> 
     </span>
    </p>
   </div>
   <div class='ocr_carea' id='block_1_96' title="bbox 1834 4307 3407 4380">
    <p class='ocr_par' dir='ltr' id='par_1_96' title="bbox 1834 4307 3407 4380">
     <span class='ocr_line' id='line_1_99' title="bbox 1834 4307 3407 4380; baseline 0.002 -21"><span class='ocrx_word' id='word_1_367' title='bbox 1834 4307 2221 4380; x_wconf 72' lang='lat' dir='ltr'><strong>Montfauconii</strong></span> <span class='ocrx_word' id='word_1_368' title='bbox 2240 4307 2424 4380; x_wconf 73' lang='lat' dir='ltr'><strong>effugit</strong></span> <span class='ocrx_word' id='word_1_369' title='bbox 2443 4308 2802 4380; x_wconf 65' lang='lat' dir='ltr'><strong>diligentiam.</strong></span> <span class='ocrx_word' id='word_1_370' title='bbox 2834 4308 2973 4380; x_wconf 43' lang='grc' dir='ltr'><strong>Ἐπιᾷ</strong></span> <span class='ocrx_word' id='word_1_371' title='bbox 2991 4307 3189 4380; x_wconf 56' lang='grc' dir='ltr'>χειρῶν</span> <span class='ocrx_word' id='word_1_372' title='bbox 3216 4307 3407 4380; x_wconf 52' lang='grc' dir='ltr'>βαστάῖ</span> 
     </span>
    </p>
   </div>
   <div class='ocr_carea' id='block_1_97' title="bbox 1836 4376 3415 4450">
    <p class='ocr_par' dir='ltr' id='par_1_97' title="bbox 1836 4376 3415 4450">
     <span class='ocr_line' id='line_1_100' title="bbox 1836 4376 3415 4450; baseline 0.001 -21"><span class='ocrx_word' id='word_1_373' title='bbox 1836 4377 1984 4429; x_wconf 88' lang='grc' dir='ltr'>σουσί</span> <span class='ocrx_word' id='word_1_374' title='bbox 2003 4394 2081 4439; x_wconf 83' lang='grc' dir='ltr'>σε,</span> <span class='ocrx_word' id='word_1_375' title='bbox 2099 4378 2185 4429; x_wconf 84' lang='grc' dir='ltr'>ἵνα</span> <span class='ocrx_word' id='word_1_376' title='bbox 2217 4378 2290 4448; x_wconf 85' lang='grc' dir='ltr'><strong>μὴ</strong></span> <span class='ocrx_word' id='word_1_377' title='bbox 2323 4377 2632 4447; x_wconf 81' lang='grc' dir='ltr'>προσπαίσῃ</span> <span class='ocrx_word' id='word_1_378' title='bbox 2649 4378 2705 4428; x_wconf 80' lang='grc' dir='ltr'>ἐν</span> <span class='ocrx_word' id='word_1_379' title='bbox 2730 4376 2860 4447; x_wconf 81' lang='grc' dir='ltr'>λίθῳ</span> <span class='ocrx_word' id='word_1_380' title='bbox 2884 4378 3004 4431; x_wconf 89' lang='grc' dir='ltr'>ποδί</span> <span class='ocrx_word' id='word_1_381' title='bbox 3026 4376 3139 4433; x_wconf 80' lang='grc' dir='ltr'><strong>σού.</strong></span> <span class='ocrx_word' id='word_1_382' title='bbox 3179 4376 3415 4450; x_wconf 63' lang='lat' dir='ltr'><strong>Unum]</strong></span> 
     </span>
    </p>
   </div>
   <div class='ocr_carea' id='block_1_98' title="bbox 1516 4492 2083 4554">
    <p class='ocr_par' dir='ltr' id='par_1_98' title="bbox 1516 4492 2083 4554">
     <span class='ocr_line' id='line_1_101' title="bbox 1516 4492 2083 4554; baseline -0.002 -2"><span class='ocrx_word' id='word_1_383' title='bbox 1516 4492 1777 4554; x_wconf 86' lang='lat' dir='ltr'><strong>PSALM</strong></span> <span class='ocrx_word' id='word_1_384' title='bbox 1789 4493 1877 4553; x_wconf 90' lang='lat' dir='ltr'><strong>US</strong></span> <span class='ocrx_word' id='word_1_385' title='bbox 1920 4492 2083 4553; x_wconf 78' lang='lat' dir='ltr'><strong>XCI.</strong></span> 
     </span>
    </p>
   </div>
   <div class='ocr_carea' id='block_1_99' title="bbox 1759 4594 1835 4645">
    <p class='ocr_par' dir='ltr' id='par_1_99' title="bbox 1759 4594 1835 4645">
     <span class='ocr_line' id='line_1_102' title="bbox 1759 4594 1835 4645; baseline 0 0"><span class='ocrx_word' id='word_1_386' title='bbox 1759 4594 1835 4645; x_wconf 90' lang='lat'><strong>0&#39;.</strong></span> 
     </span>
    </p>
   </div>
   <div class='ocr_carea' id='block_1_100' title="bbox 1332 4728 2304 4801">
    <p class='ocr_par' dir='ltr' id='par_1_100' title="bbox 1332 4728 2304 4801">
     <span class='ocr_line' id='line_1_103' title="bbox 1332 4728 2304 4801; baseline -0.001 -17"><span class='ocrx_word' id='word_1_387' title='bbox 1332 4729 1382 4784; x_wconf 66' lang='grc' dir='ltr'><strong>(ἶ.</strong></span> <span class='ocrx_word' id='word_1_388' title='bbox 1424 4730 1638 4801; x_wconf 76' lang='grc' dir='ltr'>Σφόδρα</span> <span class='ocrx_word' id='word_1_389' title='bbox 1660 4728 2031 4801; x_wconf 76' lang='grc' dir='ltr'>ἐόαθύνθησαν</span> <span class='ocrx_word' id='word_1_390' title='bbox 2052 4730 2102 4782; x_wconf 78' lang='grc' dir='ltr'>οἱ</span> <span class='ocrx_word' id='word_1_391' title='bbox 2130 4729 2304 4784; x_wconf 91' lang='grc' dir='ltr'>διαλο-</span> 
     </span>
    </p>
   </div>
   <div class='ocr_carea' id='block_1_101' title="bbox 1476 4818 1593 4853">
    <p class='ocr_par' dir='ltr' id='par_1_101' title="bbox 1476 4818 1593 4853">
     <span class='ocr_line' id='line_1_104' title="bbox 1476 4818 1593 4853; baseline 0.009 -1"><span class='ocrx_word' id='word_1_392' title='bbox 1476 4818 1593 4853; x_wconf 79' lang='grc' dir='ltr'>σου.</span> 
     </span>
    </p>
   </div>
   <div class='ocr_carea' id='block_1_102' title="bbox 1330 4891 1836 4959">
    <p class='ocr_par' dir='ltr' id='par_1_102' title="bbox 1330 4891 1836 4959">
     <span class='ocr_line' id='line_1_105' title="bbox 1330 4891 1836 4959; baseline 0.004 -16"><span class='ocrx_word' id='word_1_393' title='bbox 1330 4891 1382 4944; x_wconf 91' lang='grc'><strong>8.</strong></span> <span class='ocrx_word' id='word_1_394' title='bbox 1426 4892 1533 4943; x_wconf 77' lang='grc' dir='ltr'><strong>Καὶ</strong></span> <span class='ocrx_word' id='word_1_395' title='bbox 1556 4891 1836 4959; x_wconf 79' lang='grc' dir='ltr'>διέκυψαν.</span> 
     </span>
    </p>
   </div>
   <div class='ocr_carea' id='block_1_103' title="bbox 1332 4978 2306 5052">
    <p class='ocr_par' dir='ltr' id='par_1_103' title="bbox 1332 4978 2306 5052">
     <span class='ocr_line' id='line_1_106' title="bbox 1332 4978 2306 5052; baseline 0.003 -22"><span class='ocrx_word' id='word_1_396' title='bbox 1332 4979 1418 5031; x_wconf 86' lang='lat' dir='ltr'><strong>ll.</strong></span> <span class='ocrx_word' id='word_1_397' title='bbox 1462 4980 1572 5031; x_wconf 81' lang='grc' dir='ltr'>Καὶ</span> <span class='ocrx_word' id='word_1_398' title='bbox 1618 4978 1679 5031; x_wconf 93' lang='grc' dir='ltr'><strong>τὸ</strong></span> <span class='ocrx_word' id='word_1_399' title='bbox 1720 4979 1896 5049; x_wconf 84' lang='grc' dir='ltr'>γῆράς</span> <span class='ocrx_word' id='word_1_400' title='bbox 1949 4996 2050 5050; x_wconf 87' lang='grc' dir='ltr'>μου</span> <span class='ocrx_word' id='word_1_401' title='bbox 2081 4980 2140 5033; x_wconf 82' lang='grc' dir='ltr'>ὲν</span> <span class='ocrx_word' id='word_1_402' title='bbox 2171 4978 2306 5052; x_wconf 77' lang='grc' dir='ltr'><strong>ἐλέῳ</strong></span> 
     </span>
    </p>
   </div>
   <div class='ocr_carea' id='block_1_104' title="bbox 1263 5048 1427 5099">
    <p class='ocr_par' dir='ltr' id='par_1_104' title="bbox 1263 5048 1427 5099">
     <span class='ocr_line' id='line_1_107' title="bbox 1263 5048 1427 5099; baseline 0 0"><span class='ocrx_word' id='word_1_403' title='bbox 1263 5048 1427 5099; x_wconf 85' lang='grc' dir='ltr'>πίονι.</span> 
     </span>
    </p>
   </div>
   <div class='ocr_carea' id='block_1_105' title="bbox 1409 5140 2096 5201">
    <p class='ocr_par' dir='ltr' id='par_1_105' title="bbox 1409 5140 2096 5201">
     <span class='ocr_line' id='line_1_108' title="bbox 1409 5140 2096 5201; baseline 0.012 -8"><span class='ocrx_word' id='word_1_404' title='bbox 1409 5140 1553 5194; x_wconf 76' lang='lat' dir='ltr'><strong>LXX</strong></span> <span class='ocrx_word' id='word_1_405' title='bbox 1587 5141 2096 5201; x_wconf 76' lang='lat' dir='ltr'><strong>INTERPRETES.</strong></span> 
     </span>
    </p>
   </div>
   <div class='ocr_carea' id='block_1_106' title="bbox 1333 5232 2299 5303">
    <p class='ocr_par' dir='ltr' id='par_1_106' title="bbox 1333 5232 2299 5303">
     <span class='ocr_line' id='line_1_109' title="bbox 1333 5232 2299 5303; baseline 0.008 -17"><span class='ocrx_word' id='word_1_406' title='bbox 1333 5232 1384 5287; x_wconf 88' lang='lat'><strong>6.</strong></span> <span class='ocrx_word' id='word_1_407' title='bbox 1426 5232 1594 5289; x_wconf 82' lang='lat' dir='ltr'><strong>Valde</strong></span> <span class='ocrx_word' id='word_1_408' title='bbox 1647 5235 1927 5303; x_wconf 63' lang='lat' dir='ltr'><strong>profundae</strong></span> <span class='ocrx_word' id='word_1_409' title='bbox 1968 5238 2123 5295; x_wconf 77' lang='lat' dir='ltr'><strong>factae</strong></span> <span class='ocrx_word' id='word_1_410' title='bbox 2170 5248 2299 5296; x_wconf 83' lang='lat' dir='ltr'><strong>sunt</strong></span> 
     </span>
    </p>
   </div>
   <div class='ocr_carea' id='block_1_107' title="bbox 1260 5303 1770 5372">
    <p class='ocr_par' dir='ltr' id='par_1_107' title="bbox 1260 5303 1770 5372">
     <span class='ocr_line' id='line_1_110' title="bbox 1260 5303 1770 5372; baseline 0.006 -16"><span class='ocrx_word' id='word_1_411' title='bbox 1260 5303 1613 5372; x_wconf 81' lang='lat' dir='ltr'><strong>cogitationes</strong></span> <span class='ocrx_word' id='word_1_412' title='bbox 1645 5314 1770 5359; x_wconf 72' lang='lat' dir='ltr'><strong>tuae.</strong></span> 
     </span>
    </p>
   </div>
   <div class='ocr_carea' id='block_1_108' title="bbox 1328 5463 1880 5534">
    <p class='ocr_par' dir='ltr' id='par_1_108' title="bbox 1328 5463 1880 5534">
     <span class='ocr_line' id='line_1_111' title="bbox 1328 5463 1880 5534; baseline 0.005 -17"><span class='ocrx_word' id='word_1_413' title='bbox 1328 5464 1379 5518; x_wconf 92' lang='lat'><strong>8.</strong></span> <span class='ocrx_word' id='word_1_414' title='bbox 1420 5463 1487 5517; x_wconf 88' lang='lat' dir='ltr'><strong>Et</strong></span> <span class='ocrx_word' id='word_1_415' title='bbox 1513 5466 1880 5534; x_wconf 79' lang='lat' dir='ltr'><strong>apparuerint.</strong></span> 
     </span>
    </p>
   </div>
   <div class='ocr_carea' id='block_1_109' title="bbox 1332 5623 2292 5685">
    <p class='ocr_par' dir='ltr' id='par_1_109' title="bbox 1332 5623 2292 5685">
     <span class='ocr_line' id='line_1_112' title="bbox 1332 5623 2292 5685; baseline 0.008 -8"><span class='ocrx_word' id='word_1_416' title='bbox 1332 5625 1417 5677; x_wconf 79' lang='lat' dir='ltr'><strong>ll.</strong></span> <span class='ocrx_word' id='word_1_417' title='bbox 1461 5623 1526 5677; x_wconf 85' lang='lat' dir='ltr'><strong>Et</strong></span> <span class='ocrx_word' id='word_1_418' title='bbox 1555 5635 1804 5683; x_wconf 87' lang='lat' dir='ltr'><strong>senectus</strong></span> <span class='ocrx_word' id='word_1_419' title='bbox 1838 5643 1955 5684; x_wconf 87' lang='lat' dir='ltr'><strong>mea</strong></span> <span class='ocrx_word' id='word_1_420' title='bbox 1988 5628 2040 5682; x_wconf 91' lang='lat' dir='ltr'><strong>in</strong></span> <span class='ocrx_word' id='word_1_421' title='bbox 2085 5629 2292 5685; x_wconf 87' lang='lat' dir='ltr'><strong>miseri-</strong></span> 
     </span>
    </p>
   </div>
   <div class='ocr_carea' id='block_1_110' title="bbox 1261 5695 1648 5751">
    <p class='ocr_par' dir='ltr' id='par_1_110' title="bbox 1261 5695 1648 5751">
     <span class='ocr_line' id='line_1_113' title="bbox 1261 5695 1648 5751; baseline -0.003 -2"><span class='ocrx_word' id='word_1_422' title='bbox 1261 5695 1442 5751; x_wconf 82' lang='lat' dir='ltr'><strong>cordia</strong></span> <span class='ocrx_word' id='word_1_423' title='bbox 1476 5695 1648 5750; x_wconf 82' lang='lat' dir='ltr'><strong>uberi.</strong></span> 
     </span>
    </p>
   </div>
   <div class='ocr_carea' id='block_1_111' title="bbox 2689 4592 3103 4649">
    <p class='ocr_par' dir='ltr' id='par_1_111' title="bbox 2689 4592 3103 4649">
     <span class='ocr_line' id='line_1_114' title="bbox 2689 4592 3103 4649; baseline 0.012 -4"><span class='ocrx_word' id='word_1_424' title='bbox 2689 4592 3066 4649; x_wconf 81' lang='grc' dir='ltr'><strong>ΘΕΟΔΟΤΙΩΝ</strong></span> <span class='ocrx_word' id='word_1_425' title='bbox 3084 4620 3103 4633; x_wconf 71' lang='grc'><strong>’</strong></span> 
     </span>
    </p>
   </div>
   <div class='ocr_carea' id='block_1_112' title="bbox 2445 4728 3416 4806">
    <p class='ocr_par' dir='ltr' id='par_1_112' title="bbox 2445 4728 3416 4806">
     <span class='ocr_line' id='line_1_115' title="bbox 2445 4728 3416 4806; baseline 0.008 -23"><span class='ocrx_word' id='word_1_426' title='bbox 2445 4728 2496 4784; x_wconf 87' lang='grc'>6.</span> <span class='ocrx_word' id='word_1_427' title='bbox 2537 4731 2747 4806; x_wconf 62' lang='grc' dir='ltr'>Σφόδρα</span> <span class='ocrx_word' id='word_1_428' title='bbox 2775 4733 3142 4806; x_wconf 77' lang='grc' dir='ltr'>ὲὸαθύνθησαν</span> <span class='ocrx_word' id='word_1_429' title='bbox 3171 4737 3219 4788; x_wconf 82' lang='grc' dir='ltr'>οἱ</span> <span class='ocrx_word' id='word_1_430' title='bbox 3243 4736 3416 4791; x_wconf 82' lang='grc' dir='ltr'>διαλο-</span> 
     </span>
    </p>
   </div>
   <div class='ocr_carea' id='block_1_113' title="bbox 2374 4801 2707 4870">
    <p class='ocr_par' dir='ltr' id='par_1_113' title="bbox 2374 4801 2707 4870">
     <span class='ocr_line' id='line_1_116' title="bbox 2374 4801 2707 4870; baseline 0.012 -19"><span class='ocrx_word' id='word_1_431' title='bbox 2374 4801 2561 4870; x_wconf 69' lang='grc' dir='ltr'><strong>νισμοί</strong></span> <span class='ocrx_word' id='word_1_432' title='bbox 2592 4801 2707 4856; x_wconf 80' lang='grc' dir='ltr'>σου.</span> 
     </span>
    </p>
   </div>
   <div class='ocr_carea' id='block_1_114' title="bbox 2446 4888 2500 4943">
    <p class='ocr_par' dir='ltr' id='par_1_114' title="bbox 2446 4888 2500 4943">
     <span class='ocr_line' id='line_1_117' title="bbox 2446 4888 2500 4943; baseline -0.019 0"><span class='ocrx_word' id='word_1_433' title='bbox 2446 4888 2500 4943; x_wconf 87' lang='grc'>8.</span> 
     </span>
    </p>
   </div>
   <div class='ocr_carea' id='block_1_115' title="bbox 2448 4981 2535 5036">
    <p class='ocr_par' dir='ltr' id='par_1_115' title="bbox 2448 4981 2535 5036">
     <span class='ocr_line' id='line_1_118' title="bbox 2448 4981 2535 5036; baseline 0 0"><span class='ocrx_word' id='word_1_434' title='bbox 2448 4981 2535 5036; x_wconf 87' lang='lat' dir='ltr'><strong>ll.</strong></span> 
     </span>
    </p>
   </div>
   <div class='ocr_carea' id='block_1_116' title="bbox 2695 5148 3101 5205">
    <p class='ocr_par' dir='ltr' id='par_1_116' title="bbox 2695 5148 3101 5205">
     <span class='ocr_line' id='line_1_119' title="bbox 2695 5148 3101 5205; baseline 0.005 -3"><span class='ocrx_word' id='word_1_435' title='bbox 2695 5148 3101 5205; x_wconf 81' lang='lat' dir='ltr'><strong>THEODOTIO.</strong></span> 
     </span>
    </p>
   </div>
   <div class='ocr_carea' id='block_1_117' title="bbox 2444 5238 3410 5319">
    <p class='ocr_par' dir='ltr' id='par_1_117' title="bbox 2444 5238 3410 5319">
     <span class='ocr_line' id='line_1_120' title="bbox 2444 5238 3410 5319; baseline 0.003 -26"><span class='ocrx_word' id='word_1_436' title='bbox 2444 5238 2496 5319; x_wconf 37' lang='lat'><strong>6..</strong></span> <span class='ocrx_word' id='word_1_437' title='bbox 2540 5238 2708 5319; x_wconf 72' lang='lat' dir='ltr'><strong>valde</strong></span> <span class='ocrx_word' id='word_1_438' title='bbox 2751 5242 3032 5308; x_wconf 65' lang='lat' dir='ltr'><strong>profunda:</strong></span> <span class='ocrx_word' id='word_1_439' title='bbox 3080 5242 3235 5298; x_wconf 74' lang='lat' dir='ltr'><strong>facta:</strong></span> <span class='ocrx_word' id='word_1_440' title='bbox 3281 5249 3410 5299; x_wconf 82' lang='lat' dir='ltr'><strong>sunt</strong></span> 
     </span>
    </p>
   </div>
   <div class='ocr_carea' id='block_1_118' title="bbox 2370 5314 2881 5381">
    <p class='ocr_par' dir='ltr' id='par_1_118' title="bbox 2370 5314 2881 5381">
     <span class='ocr_line' id='line_1_121' title="bbox 2370 5314 2881 5381; baseline 0.004 -16"><span class='ocrx_word' id='word_1_441' title='bbox 2370 5314 2723 5381; x_wconf 80' lang='lat' dir='ltr'><strong>cogitationes</strong></span> <span class='ocrx_word' id='word_1_442' title='bbox 2756 5321 2881 5367; x_wconf 70' lang='lat' dir='ltr'><strong>tuae.</strong></span> 
     </span>
    </p>
   </div>
   <div class='ocr_carea' id='block_1_119' title="bbox 2427 5470 2480 5527">
    <p class='ocr_par' dir='ltr' id='par_1_119' title="bbox 2427 5470 2480 5527">
     <span class='ocr_line' id='line_1_122' title="bbox 2427 5470 2480 5527; baseline 0.019 -1"><span class='ocrx_word' id='word_1_443' title='bbox 2427 5470 2480 5527; x_wconf 91' lang='lat'><strong>8.</strong></span> 
     </span>
    </p>
   </div>
   <div class='ocr_carea' id='block_1_120' title="bbox 2440 5631 2532 5689">
    <p class='ocr_par' dir='ltr' id='par_1_120' title="bbox 2440 5631 2532 5689">
     <span class='ocr_line' id='line_1_123' title="bbox 2440 5631 2532 5689; baseline 0.043 -4"><span class='ocrx_word' id='word_1_444' title='bbox 2440 5631 2532 5689; x_wconf 89' lang='lat' dir='ltr'><strong>ll.</strong></span> 
     </span>
    </p>
   </div>
  </div>
