3852 6216
158 309 297 367 1101

476 531 880 587 ΣΥΜΜᾹΧΟΣ.

220 670 279 725 2.

218 832 274 886 5.
315 831 428 885 Καὶ
480 830 731 900 βασιλεὺς
783 831 955 902 μέγας
1014 830 1198 884 ἐπάνω

146 903 368 955 πάντων
402 903 509 954 τῶν
534 902 690 954 θεῶν.

223 987 393 1081 4.*οὖ
416 996 474 1047 ὲν
500 998 566 1065 τῇ
592 994 733 1065 χειρὶ
763 990 928 1046 αὑτοῦ
955 991 1196 1045 κατώτα-

144 1082 217 1117 τα
249 1082 371 1135 γης·

221 1155 308 1207 10.
352 1155 770 1223 Τεσσαράκοντα
823 1154 916 1226 ἔτη
964 1151 1195 1224 δυσηρε-

148 1226 374 1294 στήϐην.

228 1315 321 1373 11.

436 1478 768 1538 5ΥΜΜΑΟΗ
778 1478 884 1535 US.

215 1580 273 1634 2.

139 1811 172 1864 ὁ
216 1742 271 1795 5.
312 1738 379 1793 Et
410 1754 505 1795 rex
532 1752 764 1810 magnus
792 1752 958 1808 supra
1008 1752 1201 1792 omnes

177 1827 297 1864 eos.

177 1827 297 1865 80$.

213 1905 271 1957 4.
314 1903 373 1958 In
420 1903 581 1973 cujus
621 1919 786 1958 manu
831 1912 965 1959 sunt
1016 1902 1199 1955 intima

144 1983 328 2029 terrae.

352 2130 723 2203 Quadraginta
746 2129 905 2187 annis
921 2128 1203 2200 displicuit

211 2220 222 2256 ι
249 2222 311 2256 ιι.

144 2218 311 2257 mnu.

220 2369 314 2424 11.

1542 309 1667 365 PSA
1677 310 1864 367 LMUS
1900 310 2065 368 XCV.

1474 428 1841 489 PSALMUS
1874 429 2103 490 XCIV.

1767 535 1844 588 θ’.

1342 670 1397 723 2.
1440 671 1839 744 Ἀλαλὰξωμεν.
1864 674 2110 737 Ἀλλος,
2143 673 2322 744 σημά-

1271 742 1725 809 νωμεν.”Αλλος,
1761 744 2140 813 κροτήσωμεν.

1341 834 1396 887 '5.
1438 835 1547 886 Καὶ
1581 833 1829 905 βασιλεὺς
1860 834 2033 905 μέγας
2064 834 2156 887 ἐπὶ
2182 832 2320 887 πάν-

1267 920 1367 967 τας
1398 905 1521 966 τοὺς
1551 904 1725 967 θεούς.

1339 992 1395 1047 4.
1436 992 1557 1044 Ὀτι
1583 992 1641 1043 ὲν
1668 994 1734 1062 τῇ
1764 992 1906 1063 χειρὶ
1937 990 2102 1045 αὑτοῦ
2130 991 2197 1045 τὰ
2221 992 2317 1044 πέ-

1268 1079 1406 1133 ρατα
1430 1063 1528 1131 τῆς
1555 1063 1680 1132 γῆς.

1342 1155 1428 1226 10.
1503 1155 1924 1225 Τεσσαράκοντα
1991 1154 2098 1226 ἔτη·
2159 1171 2328 1226 προσ-

1269 1224 1499 1295 ώχθισα.

1346 1317 1433 1369 11.
1476 1317 1571 1378 Εἰς
1602 1316 1700 1389 τὴν
1733 1316 2078 1389 κατάπαυσίν
2111 1334 2233 1389 μου.
2261 1320 2325 1371 Οἱ

1274 1387 1471 1447 ἄλλοι,
1504 1388 1584 1448 εἰς
1607 1387 1913 1440 ἀνάπαυσίν
1949 1405 2071 1456 μου.

1446 1480 1589 1535 Lxx
1622 1463 2128 1536 INTERPRETES.

1342 1574 1398 1626 2.
1439 1572 1762 1629 anilcmus.
1818 1576 1969 1628 Alius
1998 1616 2013 1640 ,
2053 1575 2322 1646 signiﬁce-

1273 1659 1414 1697 mus.
1446 1647 1616 1709 Alius,
1651 1646 1995 1713 plaudamus.

1273 1808 1306 1861 d
1346 1738 1399 1790 5.
1443 1734 1509 1789 Et
1552 1753 1645 1790 rex
1674 1752 1905 1807 magnus
1937 1752 2100 1807 super
2132 1752 2325 1791 omnes

1311 1822 1427 1861 eos.

1311 1822 1427 1861 COS.

1343 1901 1397 1955 4.
1442 1900 1581 1968 Quia
1599 1902 1652 1956 in
1672 1917 1837 1957 manu
1858 1901 1978 1971 ejus
1994 1902 2130 1957 ﬁnes
2146 1911 2320 1956 terrae.

1276 2207 1302 2262 ς
1340 2136 1431 2221 10.
1473 2138 1846 2209 Quadraginta
1890 2137 2050 2192 annis
2083 2136 2326 2193 oﬂensus

1302 2225 1377 2262 υι.

1282 2367 1436 2490 .dil.
1479 2365 1537 2421 In
1565 2366 1809 2437 requiem
1853 2382 2054 2422 meam.
2093 2365 2326 2438 Reliqui,

1282 2454 1291 2489 l
1337 2478 1351 2490 .

1274 2454 1351 2491 ια.

2467 673 2524 727 2.

2712 531 3110 586 ΘΕΟΔΟΤΙΩΝ.

3280 308 3428 365 “02

2463 834 2517 888 5.
2556 834 2667 888 Καὶ
2701 832 2956 903 βασιλεὺς
2987 831 3159 903 μέγας
3179 831 3274 887 ἐπὶ
3300 830 3439 887 πάν-

2391 922 2492 968 τας
2529 906 2654 969 τοὺς

2459 994 2515 1051 1.

2476 1158 2565 1214 10.

2473 1320 2562 1375 11.

2472 1578 2528 1632 2.

2722 902 2865 968 εούς.

2708 1483 3126 1544 THEODOTIO.

2469 1739 2523 1794 5.
2568 1738 2635 1794 Et
2675 1754 2770 1794 rex
2796 1754 3030 1813 magnus
3062 1753 3228 1813 super
3258 1755 3451 1797 omnes

2394 1807 2551 1865 deos.

2471 1902 2526 1957 4.

2472 2136 2560 2191 10.

2478 2367 2569 2421 11.

1016 2536 1190 2595 Nota;
1224 2544 1288 2594 et
1320 2533 1509 2594 variae
1538 2534 1847 2595 lectiones
1889 2533 1967 2623 ad
2024 2534 2606 2597 Psalmum'XCI-V.

228 2637 290 2691 V.
328 2638 415 2693 10.
468 2637 572 2699 Ἀ..
608 2640 693 2699 Σ..
726 2636 1155 2709 τεσσαράκοντα,
1208 2636 1459 2703 Drusius,
1489 2636 1742 2694 Theodo-

148 2719 304 2765 retus
330 2720 383 2765 et
416 2709 527 2765 dno
558 2709 734 2779 Regii.

474 2987 885 3042 ΣΥΜΜΑΧΟΣ.

228 3129 284 3185 1.

225 3294 282 3351 5.
322 3293 706 3366 Ἀνύπαρκτοι.

225 3388 285 3445 7.

226 3550 281 3606 9.
325 3550 638 3620 Ὠδινήσατε
665 3548 773 3603 ἀπὸ
798 3549 1090 3621 προσώπου
1110 3547 1210 3602 αὐ-

154 3622 277 3683 τοῦ,
291 3623 441 3674 πᾶσα
467 3624 499 3691 ἠ
531 3622 625 3691 γῆ.

232 3716 322 3769 10.
364 3715 567 3787 Κύριος
582 3714 919 3787 ἐϐασίλευσε,
935 3713 1031 3766 καὶ
1047 3712 1214 3785 ἤδρα-

159 3802 222 3839 σε
250 3788 351 3857 τὴν
382 3786 706 3858 οἰκουμένην
737 3786 1159 3857 ἀπερίτρεπτον.

234 3948 346 4023 11.-
367 3949 611 4023 Ἤχησεν
635 3951 678 4023 Il;
709 3950 951 4002 θαλασσα
986 3949 1083 4002 σὺν
1128 3948 1210 4023 τῷ

162 4017 272 4090 πλη
280 4017 510 4089 ρώματήι.⁷
526 4017 718 4089 aurae.

234 4110 326 4164 12.
369 4111 662 4182 Γαυριάσει
687 4111 878 4182 ἀγρὸς,
910 4111 1005 4164 καὶ
1036 4110 1214 4165 πάντα

160 4180 232 4253 τὰ
262 4184 321 4233 ὲν
349 4180 519 4252 αὐτῷ.

449 4273 900 4331 SYMMACHUS.

241 4369 295 4421 1.

237 4536 293 4593 5.
334 4535 454 4593 Non
481 4536 825 4593 exsistentes.

239 4861 295 4917 9.
337 4858 650 4917 Parturitea
674 4859 814 4914 facie
833 4858 976 4929 ejus,
1002 4858 1223 4915 univer-

168 4946 229 4988 sa
253 4942 420 4988 terra.

244 5094 333 5150 10.
372 5094 638 5150 Dominus
657 5094 921 5161 regnavit,
951 5103 1004 5149 et
1033 5092 1219 5148 ﬁrma-

168 5167 248 5222 vit
280 5166 471 5221 orbem
498 5166 849 5220 immobilem.

204 5468 216 5479 .
242 5380 335 5456 11.
350 5394 548 5450 Sonuit
568 5410 721 5453 mare
740 5410 865 5452 cum
886 5393 1224 5466 plenitudine

166 5482 293 5537 ejus
322 5530 333 5539 θ

164 5629 333 5757 iulg;
347 5609 642 5689 l-Gaudebit
663 5644 791 5704 ager
815 5636 872 5687 et
893 5628 1079 5686 omnia
1102 5643 1225 5701 qua:

938 5880 977 5890 ι...

1856 2717 1966 2763 tus.

1513 2890 1651 2952 PSA
1664 2889 1878 2951 LMUS
1928 2887 2119 2949 XCV.

1775 2994 1851 3045 0'.

1354 3130 1404 3184 1.
1447 3129 1536 3203 Τῷ
1554 3130 2190 3203 ΫΔαυίδπἉνεπίγ-ραφος
2220 3147 2331 3191 πα-

1272 3187 1353 3269 ῥά
1380 3187 1519 3267 τοῖς’
1538 3202 1588 3253 Γο
1616 3203 1713 3255 καὶ
1748 3202 1800 3255 E'
1829 3203 1927 3255 καὶ

1352 3292 1407 3347 5.
1446 3294 1726 3364 Δαιμόνια.

1351 3385 1403 3457 7.
1444 3388 1509 3438 Αἱ
1533 3387 1759 3457 πατριαὶ
1772 3387 1880 3439 τῶν
1901 3386 2093 3442 ἐθνῶν.
2122 3392 2187 3443 Οἱ
2207 3392 2333 3444 λοι-

1280 3454 1401 3519 ποὶ,
1436 3457 1493 3507 αἱ
1526 3454 1836 3525 συγῩένειαι
1866 3458 1974 3510 τῶν
1996 3458 2187 3513 ἐθνῶν.

1346 3544 1404 3624 ξ).
1445 3546 1767 3624 ξαλευθήςω
1791 3547 1899 3601 ἀπὸ
1924 3547 2219 3619 προσώπου
2242 3552 2334 3605 αὐ-

1278 3617 1374 3667 τοῦ
1401 3617 1551 3669 πᾶσα
1576 3619 1609 3687 ὴ
1642 3619 1732 3688 γῆ.

1353 3711 1441 3766 10.
1494 3712 1797 3784 Ὀ-Κνύριος
1841 3714 2196 3768 ἐϐασίλευσεσ
2238 3718 2335 3770 καὶ

1280 3781 1391 3857 Ϊὰρ
1447 3781 1775 3857 κριτὼρθῴσε
1825 3786 1925 3855 τὴν
1970 3786 2332 3857 οἰκουμένην,

1282 3854 1405 3923 ἥτις
1437 3855 1497 3905 οὐ
1530 3854 1941 3925 σαλευθήσεται.

1358 3945 1444 4018 11.
1488 3945 1808 4017 Σαλευθήτω
1830 3949 1863 4018 ἡ
1891 3947 2135 4004 θάλασσα
2159 3949 2254 4005 καὶ
2276 3949 2337 4001 τὸ

1284 4014 1560 4085 πλήρωμα
1591 4014 1780 4087 αὐτῆς.

1355 4108 1440 4160 12.
1485 4109 1799 4179 Χαρήσεται
1860 4110 1931 4163 τὰ
1980 4110 2176 4176 πεδία,
2242 4112 2338 4167 καὶ

1286 4178 1467 4231 πάντα
1499 4180 1569 4230 τὰ
1599 4178 1655 4231 ἐν
1690 4181 1891 4243 αὐτοῖς.

1460 4271 1547 4324 LX
1560 4272 1603 4324 Χ
1643 4273 2148 4330 INTERPRETES.

1362 4365 1431 4440 i._
1456 4364 1562 4433 Ipsi
1596 4366 1779 4422 David.
1802 4368 1959 4423 Caret
1994 4371 2339 4440 inscriptione

1290 4436 1431 4504 apud
1460 4446 1563 4489 tres
1598 4439 1909 4507 interpretes
1940 4451 1987 4495 et
2026 4441 2062 4492 V
2089 4450 2139 4495 et
2159 4436 2278 4498 'Vl.

1363 4529 1416 4581 5.
1460 4529 1756 4584 ﬂamonia.

1367 4626 1417 4678 7.
1460 4625 1654 4680 Patriae
1685 4628 1946 4695 gentium.
1980 4627 2211 4698 Reliqui,
2247 4645 2340 4685 co-

1291 4698 1576 4767 gnationes
1606 4698 1950 4766 populorum.

1362 4858 1416 4941 0.
1457 4857 1880 4913 Commoveatur
1935 4874 1966 4913 a
2024 4857 2166 4915 facie
2216 4856 2337 4930 ejus

1293 4939 1546 4984 universa
1576 4939 1739 4983 terra.

1364 5091 1451 5145 10.
1495 5090 1762 5147 Dominus
1805 5093 2052 5161 regnavit
2087 5111 2100 5147 ε
2135 5092 2339 5147 etenim

1293 5163 1532 5217 correxit
1586 5165 1774 5217 orbem
1833 5172 2032 5229 terrae,
2081 5164 2176 5233 qui
2228 5179 2341 5219 non

1294 5235 1749 5287 commovebitur.

1294 5398 1319 5428 ῖτ
1368 5393 1451 5465 11.
1479 5391 1899 5448 Commoveatur
1930 5408 2081 5449 mare
2101 5403 2156 5449 et
2177 5394 2343 5465 pleni-

1302 5462 1433 5516 tudo
1464 5465 1604 5531 ejus.

1368 5627 1459 5707 12.
1499 5626 1822 5707 Gaudebunt
1854 5628 2031 5700 campi
2072 5636 2128 5685 et
2163 5629 2347 5687 omnia

1296 5713 1415 5769 qua:
1445 5714 1502 5753 ιη
1529 5714 1611 5755 eis
1641 5708 1789 5755 sunt.

2477 3129 2532 3186 1.

2476 3294 2533 3350 5.

2476 3388 2531 3445 7.

2479 3551 2533 3607 9.

2481 3715 2571 3772 10.

2480 3955 2572 4010 11.

2481 4118 2570 4175 12.

2485 4536 2538 4591 5.

2488 4626 2543 4685 7.

2488 5096 2579 5153 10.

2490 5394 2578 5451 11.

2490 5628 2581 5685 12.

2716 2988 3117 3046 ΘΕΟΔΟΤΙΩΝ.

2722 4280 3138 4341 ΤΗΕΟΒΟΤΙΟ.

1924 2637 1991 2693 ν.
2027 2639 2112 2694 11.
2160 2641 2223 2693 Οἱ
2251 2636 2455 2706 ἄλλοι,
2488 2640 2569 2702 εἰς
2603 2637 2914 2693 ἀνάπαυσιν
2962 2655 3086 2711 μου.
3134 2639 3446 2697 Theodore-
