4020 6302
354 362 436 415 ει

671 473 1065 530 ΣΥΜΜΔΧΟΣ
1075 519 1086 530 .

427 631 679 686 Γενναίοθ..

425 720 478 775 8.
497 723 839 793 Περιηγαγεν
851 728 1016 781 αὐτὸν
1029 731 1106 791 εἰς
1122 730 1394 801 Μαναείμ.

431 885 514 940 12.

422 1138 502 1192 15.

403 1296 408 1299 _
436 1229 614 1298 Ὁμοῦ.

425 1319 505 1374 16.
543 1324 608 1389 Χ
649 1322 971 1396 Ἐνέπηξαν.

420 1409 638 1481 κλῆρος
665 1412 772 1465 τῶν
805 1415 1062 1486 στερεῶν.

425 1504 514 1560 17.
544 1506 681 1568 Ἕως
716 1507 943 1578 σφόδρα.

417 1599 534 1650 Καὶ
563 1599 869 1670 ὲτροπώθη.

419 1688 510 1742 19.
545 1690 881 1764 Παρήλασεν.

416 1779 509 1834 20.
548 1781 639 1852 Mi;
674 1781 756 1835 σύ.

416 1871 508 1924 2|.
554 1873 882 1927 Ἀκολουθῶν
910 1874 1076 1945 αὐτῷ.

419 1961 510 2014 25.

415 2211 502 2266 24.
530 2212 742 2283 Νάπης.

415 2303 719 2374 “Parrus-

415 2538 592 2591 Αὑτοῦ
626 2537 910 2607 σπηλαίου.

411 2627 507 2681 25.
547 2629 640 2691 El;
665 2631 991 2698 συστροφήν.

412 2785 507 2840 26.

411 2944 506 2998 27.
543 2947 611 3013 χ
640 2945 880 2998 Διὼκων.

411 3033 506 3090 29.
542 3034 640 3087 Διὰ
660 3035 926 3099 πεδιάδος.

639 3280 1077 3337 SYMMACHUS.

415 3441 657 3498 Strenui.

414 3537 470 3589 8.
500 3534 874 3591 Circumduxit
911 3549 1004 3591 eos
1032 3535 1084 3590 in
1126 3533 1378 3592 Manaim.

417 3697 506 3752 12.

417 3946 505 3998 15.

414 4037 611 4090 Simul.

415 4129 508 4182 16.
533 4132 599 4196 χ(
640 4128 968 4184 Dellxerunt.

413 4221 551 4278 Sors
583 4223 899 4280 solidorum.

417 4314 510 4367 17.
546 4312 730 4385 Usque
758 4317 933 4372 valde.

416 4405 767 4476 Fugatusque
803 4416 905 4463 est.

419 4492 507 4547 19.
540 4490 855 4547 Ρνωῑθιυὶνίι.

412 4591 507 4644 20.
543 4588 680 4645 Num
705 4592 803 4646 tu?

417 4683 512 4736 2|.
551 4681 795 4752 Sequens
826 4699 969 4738 eum.

419 4774 514 4828 25.

416 4955 516 5009 24.
555 4953 752 5009 Saltus.

417 5047 611 5102 Vallis.

414 5209 597 5279 Ipsius
622 5210 910 5278 speluncae.

411 5295 509 5349 25.
549 5295 604 5347 In
633 5308 888 5348 cuneum.

407 5454 504 5510 26.

407 5615 504 5668 27.
552 5615 624 5680 χ(
649 5611 1005 5681 Persequens.

400 5700 501 5755 29.
537 5697 642 5754 Per
679 5708 1000 5768 campestre.

1601 371 1734 428 LIB.
1779 371 1820 426 ll
1862 370 2104 428 REGUM
2147 356 2378 418 CAPUT
2409 361 2476 417 11.

2068 485 2146 540 0'.

1540 642 1826 706 Δυνατούς.

1543 734 1595 788 8.
1628 735 1741 813 Ιςαλζ
1760 736 2078 813 ανεϐίϐασεν
2109 739 2269 813 αὑτὸν
2321 741 2384 793 ὲκ
2414 742 2510 813 τῆς

1471 805 1825 875 παρεμϐολῆς
1849 808 1928 869 εις
1955 808 2207 878 Μαναέμ.

1542 899 1627 952 12.
1658 901 1765 953 Kal.
1793 903 1842 954 οἱ
1869 902 2075 965 παῖδες.

1553 989 1647 1061 Ἐκ
1669 979 1899 1061 Μαναὲμ
1915 992 1992 1054 εἰς
2008 992 2252 1046 Γαϐαών.
2275 995 2506 1060 Ἄλλος,

1470 1060 1534 1110 ὲκ
1554 1059 1652 1128 τῆς
1683 1059 2032 1131 παρεμϐολῆς
2057 1062 2264 1131 βουνοῦ.

1541 1149 1626 1202 15.
1675 1151 1796 1202 Ἐπὶ
1811 1152 1909 1220 τὴν
1945 1153 2173 1223 κρήνην.

1553 1239 1673 1292 Ἐπὶ
1695 1240 1754 1293 τὸ
1777 1241 1926 1296 αὑτό.

1543 1327 1626 1382 16.
1661 1330 1770 1382 Καὶ
1803 1330 2047 1403 μάχαιρα
2074 1331 2260 1386 αὑτοῦ.

1541 1421 1715 1493 Magi;
1735 1423 1841 1476 τῶν
1875 1423 2194 1479 ἐπιϐούλων.

1449 1578 1451 1580 η
1540 1511 1626 1564 17.
1654 1513 1814 1566 Ὥστε
1845 1513 1982 1568 λίαν.

1539 1604 1647 1656 Καὶ
1672 1603 1946 1659 ἔπταισεν.

1534 1693 1622 1746 19.
1664 1693 1952 1759 Ἐξέκλινε.

1535 1781 1622 1835 20.
1647 1783 1710 1835 Εἰ
1737 1782 1821 1837 σύ.

1534 1872 1623 1926 21.
1667 1873 1762 1926 Ἐκ
1793 1873 1903 1928 τῶν
1933 1873 2158 1930 ὄπισθεν
2185 1877 2364 1930 αὐτοῦ.

1532 1967 1621 2020 25.
1660 1967 1781 2021 Ἐπὶ
1815 1967 1911 2039 τὴν
1935 1968 2093 2039 ψόαν.

1544 2057 1830 2128 ξΥποκάτω
1888 2059 2075 2114 αὑτοῦ.
2125 2062 2370 2128 Ἄλλος,
2419 2063 2508 2115 ἐπὶ

1462 2125 1553 2178 τοῦ
1583 2126 1769 2181 τόπου.

1533 2215 1622 2269 24.
1647 2217 1754 2270 Τοῦ
1783 2217 1969 2288 βουνοῦ
2008 2221 2239 2291 Ἐμμάτ.

1547 2310 1670 2362 Ἐπὶ
1701 2311 1994 2381 προσώπου
2018 2312 2122 2368 Γαῒ
2148 2313 2284 2367 ὁδόν.
2317 2315 2505 2379 Ἀλλ..

1462 2379 1594 2454 [αἶ.
1635 2379 1886 2454 Ἄλλος,
1931 2381 2024 2435 τοῦ
2054 2383 2192 2436 κατὰ
2217 2382 2507 2454 πρόσωπον

1462 2449 1586 2511 Γιὲζ
1607 2450 1706 2519 τῆς
1743 2451 1885 2504 ὁδοῦ.

1531 2539 1776 2593 Γαϐαών.

1531 2629 1621 2684 25.
1653 2631 1748 2693 Εἰς
1776 2632 2122 2700 συνάντησιν.
2165 2634 2504 2700 Ἀλλος,.εις

1465 2701 1805 2772 συναγωγήν.

1529 2789 1618 2844 26.
1652 2776 1762 2842 ΚἏὶ
1790 2790 1894 2853 ἕως
1937 2790 2087 2843 πότε.
2137 2793 2350 2858 Ἄλλος
2369 2831 2383 2855 ,
2413 2793 2506 2846 καὶ¹

1459 2861 1564 2924 ἕως
1598 2860 1850 2929 ἐσχάτου.

1527 2950 1617 3002 27.
1651 2949 1983 3002 Κατὸπισϐε.

1528 3041 1618 3095 29.
1653 3041 1746 3103 Et;
1777 3040 2006 3111 δυσμάς.

1529 3129 1744 3200 Παρατε
1755 3129 1862 3183 ἔνου
1871 3147 1968 3185 σαν
1977 3172 1990 3184 .

1627 3283 1771 3338 LXX
1810 3282 2316 3344 lNTERPRETES.
2400 3297 2402 3302 ’

1520 3438 1794 3495 Potentes.

1527 3529 1580 3584 8.
1629 3528 1697 3583 Et
1742 3533 2033 3588 ascendere
2081 3531 2208 3588 fecit
2257 3550 2378 3589 eum
2433 3551 2501 3590 ex

1457 3599 1651 3655 castris
1678 3601 1733 3652 in
1762 3600 2028 3656 Manaem.

1536 3690 1624 3744 l2.
1660 3688 1728 3743 Et
1755 3692 1928 3760 pueri.

1531 3779 1611 3835 Ex
1639 3779 1882 3835 Menaem
1925 3782 1978 3836 in
2024 3782 2270 3839 Gabaon.
2326 3785 2496 3852 Alius,

1460 3867 1524 3906 ex
1556 3856 1750 3906 castris
1789 3852 1963 3908 collis.

1531 3942 1617 3996 15.
1651 3940 1826 4012 Super
1851 3941 2075 3999 fontem.

1529 4033 1586 4087 In
1614 4033 1868 4102 idipsum.

1531 4125 1617 4182 16,
1651 4124 1717 4178 Ει
1745 4125 1954 4193 gladius
1987 4125 2127 4195 ejus.

1528 4215 1714 4270 Portio
1741 4215 2132 4271 insidiantium.

1531 4305 1617 4360 17.
1656 4303 1726 4360 Ut
1752 4319 1875 4359 cum
1906 4307 2158 4362 maxime.

1534 4397 1601 4451 Et
1629 4398 1844 4453 cecidit.

1531 4488 1617 4545 19.
1649 4488 1961 4545 Declinavit.

1527 4585 1616 4638 20.
1655 4585 1712 4639 Si
1747 4587 1849 4640 tu?

1527 4675 1618 4732 21.
1651 4674 1727 4730 De
1759 4687 1884 4745 post
1913 4675 2118 4750 ipsum.

1528 4765 1619 4819 25.
1648 4767 1703 4817 ln
1740 4765 1982 4835 inguine.

1535 4854 1648 4908 Sub
1671 4871 1748 4910 se.
1786 4854 1960 4920 Alius,
2003 4855 2054 4908 in
2085 4855 2225 4909 loco.

1527 4944 1619 4998 24.
1651 4943 1854 4999 Collem
1885 4945 2118 5000 Emmat.

1535 5036 1710 5106 Super
1774 5037 1966 5092 faciem
2027 5037 2124 5094 Gai
2166 5037 2332 5094 viam.
2390 5037 2500 5107 AL,

1460 5105 1592 5176 Gag.
1616 5105 1802 5172 Alius,
1839 5123 1870 5160 e
1904 5108 2124 5179 regione
2152 5107 2280 5164 Giez
2307 5109 2425 5163 viae.

1531 5195 1774 5251 Gabaon.

1528 5286 1618 5341 25.
1644 5287 1700 5341 ln
1724 5303 2073 5343 concursum.
2094 5290 2265 5356 Alius,
2291 5291 2342 5344 in
2374 5306 2499 5364 syn-

1458 5372 1680 5427 agogam
1691 5399 1703 5411 .

1532 5441 1622 5504 26.
1655 5449 1719 5521 _Et
1755 5466 2059 5521 usquequo.
2103 5453 2277 5521 Alius,
2307 5463 2360 5509 et
2405 5469 2500 5508 us-

1463 5536 1568 5590 quc
1601 5519 1669 5572 ad
1692 5519 2015 5576 extremum.

1535 5609 1624 5662 27.
1653 5609 1804 5664 Post.

1535 5699 1624 5754 29.
1656 5699 1711 5754 In
1742 5700 2041 5758 occidente.

1541 5790 1873 5849 Porrectum.

2903 489 3305 544 ΘΕΟΔΟΤΙΩΝ.

2655 740 2706 794 8.

2658 902 2742 956 12.
2783 900 2889 954 Καὶ
2919 902 2967 952 οἱ
2992 899 3188 956 δοῦλοι.

2664 993 2758 1044 Ἐκ
2787 989 3144 1060 παρεμϐολῶν
3174 989 3382 1061 βουνοῦ.

2652 1156 2737 1209 15.
2780 1155 2902 1209 Ἐπὶ
2920 1154 3017 1223 τῆς
3047 1151 3444 1223 κολυμϐήθρας.

2659 1343 2746 1397 16.

2660 1521 2684 1573 1
2694 1522 2740 1576 7..

2654 1702 2737 1759 19.

2654 1792 2744 1848 20.

2649 1884 2741 1938 21.

2647 1976 2739 2030 25.

2651 2224 2741 2278 24.
2796 2221 3173 2312 Ὑδραγωγοῦ.

2648 2313 2950 2387 Φάραγγος.

2649 2542 2754 2595 Τοῦ
2797 2542 2888 2610 βου
2898 2541 3005 2593 νοῦ.

2651 2631 2741 2685 2‘5.

2654 2790 2739 2847 26.

2651 2952 2740 3006 27.

2647 3044 2735 3101 29.
2786 3046 2871 3099 Ἐν
2903 3046 3098 3116 ὁμαλῇ.

2891 3289 3308 3346 THEODOTIO.

2645 3538 2697 3593 8.

2649 3699 2734 3753 l2.
2757 3697 2834 3752 'Et
2863 3699 3023 3753 servi.

2647 3783 2726 3840 Ex
2757 3786 2954 3841 castris
2981 3785 3154 3840 collis.

2648 3948 2734 4003 l3.
2777 3947 2952 4018 Super
2981 3945 3267 4018 piscinam.

2647 4130 2730 4186 16.

2646 4309 2731 4363 17.

2651 4491 2739 4547 19.

2652 4582 2745 4639 20.

2652 4670 2743 4724 21.

2653 4762 2744 4817 25.

2645 4943 2736 4999 24.
2766 4942 3017 5014 (Collem)
3049 4941 3418 5012 aquaeductus.

2643 5033 2832 5089 Vallis.

2649 5195 2838 5251 Collis.

2645 5288 2737 5343 25.

2642 5449 2730 5506 26.

2645 5610 2736 5662 27.

2649 5702 2737 5757 29.
2783 5701 2836 5756 in
2877 5699 3116 5771 planitie.
