4020 6302
663 463 1076 520 ΣΥΜΜΔΧΟΣ.

417 621 670 676 Γενναίοσ..

415 711 470 766 8.
490 713 829 784 Περιηγατεν
841 717 1006 770 αὐτὸν
1019 719 1098 781 εἰς
1111 720 1386 790 Μαναειμ.

425 877 513 931 12.

419 1129 500 1182 15.

429 1220 486 1272 '0
493 1220 610 1290 μοῦ.

416 1309 500 1364 16.
539 1314 602 1379 Χ
644 1312 962 1384 Ἐνέπηξαν.

411 1400 632 1472 κλῆρος
655 1401 763 1455 τῶν
794 1405 1054 1475 στερεῶν.

383 1541 386 1546 .
415 1493 506 1550 17.
535 1495 672 1559 Ἕως
705 1496 934 1569 σφόδρα.

409 1587 523 1640 Kal
555 1589 862 1660 ἐτροπώθη.

409 1677 500 1733 19.
537 1679 872 1753 Παρήλασεν.

407 1769 501 1823 20.
541 1771 630 1842 an;
663 1771 746 1824 σὺ.

407 1861 500 1914 21.
547 1862 873 1917 Ἀκολουθῶν
901 1863 1066 1934 αὐτῷ.

411 1951 502 2004 25.

405 2201 493 2256 24.
521 2201 732 2272 Νάπης.

405 2293 710 2364 Φάραγγος-

405 2527 584 2580 Αὑτοῦ
618 2527 902 2596 σπηλαίου.

401 2617 498 2671 25.
539 2618 632 2680 Et;
657 2621 983 2688 συστροφήν.

400 2775 498 2830 26.

399 2934 498 2988 27.
534 2937 604 3004 Χ
632 2934 872 2988 Διὼκων.

401 3023 500 3080 29.
534 3023 632 3077 Διὰ
653 3025 918 3088 πεδιάδος.

632 3271 954 3326 SYMMACH
963 3269 1069 3326 US.

407 3430 650 3488 Strenui.

407 3526 464 3580 8.
493 3524 866 3581 Circumduxit
902 3539 996 3580 eos
1024 3525 1076 3579 in
1117 3523 1370 3582 Manaini.

409 3936 498 3988 15.

405 4026 602 4080 Simul.

407 4118 501 4172 16.
526 4121 590 4185 χ
631 4117 960 4174 Deilxerunt.

405 4211 544 4268 Sors
575 4213 911 4269 solidorum.

409 4303 503 4357 17.
539 4302 722 4375 Usque
750 4306 924 4361 valde.

407 4393 760 4466 Fugatusque
795 4406 896 4452 est.

411 4481 500 4536 19.
533 4479 847 4537 Ρτωιονὶνίι.

403 4581 500 4634 20.
535 4577 672 4635 Num
697 4582 795 4636 tu?

409 4673 476 4725 21
493 4713 504 4726 .
545 4671 786 4741 Sequens
818 4688 960 4728 eum.

409 4763 508 4817 25.

407 4945 510 4997 24.
547 4942 744 4998 Saltus.

409 5037 604 5092 Vallis.

407 5199 590 5268 Ipsius
615 5199 903 5267 speluncae.

406 5283 504 5338 25.
543 5284 598 5337 In
625 5298 880 5337 cuneum.

405 5443 502 5498 26.

407 5603 502 5656 27.
549 5604 618 5669 χ
643 5600 998 5670 Persequens.

403 5687 499 5743 29.
533 5685 636 5744 Per
671 5697 992 5758 campestre.

1591 361 1724 418 LIB.
1769 359 1810 415 ll
1853 359 2094 418 REGUM
2137 346 2368 407 CAPUT
2399 351 2467 406 11.

2059 475 2136 530 Ο’.

1531 632 1817 696 Δυνατούς.

1533 723 1586 777 8.
1620 725 1732 802 Kal
1750 725 2068 802 ᾲνεᾷίϐᾳσεν
2100 727 2260 802 ᾳὺτὸν
2312 729 2376 782 ὲκ
2404 731 2502 802 τῆς

1461 794 1816 865 παρεμϐολῆς
1839 797 1918 858 εἰς
1945 797 2198 868 Μαναέμ.

1533 888 1618 942 12.
1649 891 1756 943 Kal
1783 893 1832 943 οἱ
1859 891 2065 954 παῖδες.

1544 979 1637 1050 Ἐκ
1659 980 1890 1050 Μαναὲμ
1905 981 1983 1044 εἰς
1999 981 2243 1036 Γαϐαών·
2265 984 2496 1050 Ἄλλος⁹

1461 1049 1524 1099 ὲκ
1544 1048 1642 1118 τῆς
1675 1048 2022 1120 παρεμϐολῆς
2048 1051 2255 1120 βουνοῦ.

1531 1139 1617 1192 15.
1665 1140 1786 1192 Ἐπὶ
1803 1141 1900 1210 τὴν
1935 1143 2164 1212 κρήνην.

1544 1229 1664 1282 Ἐπὶ
1685 1229 1746 1282 τὸ
1767 1231 1917 1285 αὑτό.

1533 1317 1616 1372 16.
1651 1319 1760 1372 Kal
1793 1319 2038 1392 μάχαιρα
2064 1321 2251 1375 αὑτοῦ.

1533 1411 1706 1482 Μερὶς
1725 1412 1833 1465 τῶν
1867 1411 2184 1468 ἐπιϐούλων.

1531 1501 1618 1554 17.
1645 1502 1806 1556 Ὥστε
1835 1502 1973 1558 λίαν.

1531 1593 1639 1646 Kal
1663 1592 1937 1650 ἔπταισεν.

1527 1683 1614 1736 19.
1655 1681 1943 1748 Ἐξέκλινε.

1527 1771 1614 1825 20.
1639 1771 1702 1826 El
1728 1771 1812 1826 σύ.

1525 1861 1615 1915 21.
1659 1863 1754 1916 Ἐκ
1783 1863 1894 1917 τῶν
1923 1863 2149 1919 ὄπισθεν
2177 1865 2355 1920 αὐτοῦ.

1523 1956 1613 2010 25.
1651 1956 1773 2010 Ἐπὶ
1806 1957 1903 2028 τὴν
1927 1957 2084 2028 ψόαν.

1535 2046 1822 2117 Ύποκάτω
1879 2048 2066 2104 αὑτοῦ.
2117 2051 2360 2117 Ἄλλος,
2409 2053 2500 2104 ἐπὶ

1453 2115 1545 2168 τοῦ
1575 2115 1760 2170 τόπου.

1524 2205 1612 2259 24.
1639 2207 1745 2260 Τοῦ
1774 2207 1960 2278 βουνοῦ
2000 2209 2230 2280 Ἐμμάτ.

1539 2300 1661 2352 Ἐπὶ
1692 2300 1984 2370 προσώπου
2009 2301 2052 2356 Γ
2053 2302 2113 2357 ατ
2139 2303 2275 2356 ὀδόν.
2308 2305 2496 2368 Ἀλλ..

1454 2369 1586 2444 ιξᾴζ.
1631 2369 1876 2444 Ἄλλος,
1922 2371 2015 2424 τοῦ
2045 2372 2183 2425 κατὰ
2209 2371 2497 2444 πρόσωπον

1453 2439 1492 2489 Γ
1498 2437 1578 2501 ιὲζ
1598 2439 1698 2508 τῆς
1734 2440 1876 2494 ὁδοῦ.

1523 2529 1768 2582 Γαϐαών.

1523 2619 1613 2673 25.
1645 2621 1740 2706 Εἰς
1768 2621 2114 2690 συνάντησιν.
2156 2623 2495 2690 "(illoc-rel;

1457 2706 1796 2760 συναγωγην.

1521 2779 1610 2834 26.
1643 2780 1752 2830 Καὶ
1781 2779 1886 2842 ἕως
1928 2779 2078 2832 πότε.
2127 2783 2342 2846 Ἄλλος
2361 2820 2374 2844 ,
2405 2783 2497 2834 καὶ

1452 2851 1556 2912 ἕως
1589 2850 1841 2917 ἐσχάτου.

1519 2939 1585 2992 27
1598 2979 1610 2991 .
1641 2938 1974 2992 Κατόπισθε.

1520 3029 1610 3084 2‘).
1645 3030 1738 3092 Εἰς
1768 3029 1997 3100 δυσμάς.

1520 3118 1981 3190 Παρατείνουσαν.

1619 3272 1762 3327 LXX
1801 3271 2307 3332 lNTERPRETES.
2391 3285 2394 3294 '

1511 3427 1786 3486 Potentes.

1519 3519 1572 3573 8.
1621 3517 1688 3572 Et
1734 3521 2025 3576 ascendere
2074 3520 2200 3578 fecit
2249 3539 2371 3578 eum
2425 3540 2492 3580 ex

1450 3588 1643 3644 castris
1671 3591 1724 3642 in
1754 3589 2020 3645 Manaem.

1529 3679 1616 3734 12.
1651 3677 1720 3732 Et
1747 3681 1920 3749 pueri.

1523 3768 1602 3824 Ex
1630 3769 1874 3842 Menaem
1916 3771 1970 3825 in
2015 3771 2262 3828 Gabaon.
2317 3773 2488 3842 Alius,

1452 3855 1516 3895 ex
1549 3845 1742 3895 castris
1781 3841 1954 3896 collis.

1523 3931 1608 3985 15.
1644 3929 1818 4002 Super
1843 3931 2067 3988 fontem.

1521 4021 1579 4076 In
1607 4022 1860 4090 idipsum.

1524 4114 1610 4171 16.
1643 4113 1709 4168 Et
1737 4114 1947 4182 gladius
1979 4114 2119 4184 ejus.

1521 4203 1706 4259 Portio
1733 4204 2123 4260 insidiantium.

1523 4294 1610 4350 17.
1649 4292 1718 4349 Ut
1744 4308 1868 4348 cum
1897 4295 2150 4351 maxime.

1526 4386 1593 4440 Et
1622 4387 1836 4442 cecidit.

1523 4477 1609 4534 19.
1639 4477 1954 4534 Declinavit.

1519 4574 1608 4628 20.
1648 4575 1704 4628 Si
1740 4584 1793 4629 tu
1817 4577 1841 4628 ?

1520 4665 1611 4721 21.
1643 4663 1720 4718 De
1751 4675 1876 4734 post
1906 4664 2110 4734 ipsum.

1521 4754 1610 4808 25.
1639 4755 1696 4806 ln
1731 4754 1973 4824 inguine.

1528 4843 1640 4898 Sub
1663 4859 1741 4898 se.
1778 4843 1953 4910 Alius,
1993 4844 2046 4896 in
2077 4843 2216 4897 loco.

1520 4934 1612 4987 24.
1643 4932 1846 4988 Collem
1877 4933 2111 4989 Ennnat.

1526 5025 1702 5096 Super
1767 5025 1974 5080 faciem
2019 5025 2116 5082 Gai
2157 5026 2324 5096 viam.
2381 5025 2492 5096 AL,

1453 5094 1584 5166 Gag.
1609 5094 1794 5162 "Alius,
1831 5111 1862 5150 e
1896 5095 2117 5168 regione
2144 5095 2272 5152 Giez
2299 5098 2417 5152 viae.

1523 5184 1766 5240 Gabaon.

1521 5275 1611 5330 25.
1635 5276 1692 5330 In
1716 5292 2065 5332 concursum.
2087 5277 2258 5344 Alius,
2283 5279 2336 5333 in
2365 5295 2491 5352 syn-

1450 5361 1672 5416 agogam
1683 5387 1695 5400 .

1525 5429 1614 5493 26.
1648 5437 1712 5510 Et
1748 5455 2052 5510 usquequo.
2095 5441 2269 5510 Alius,
2299 5451 2352 5497 et
2397 5457 2492 5497 us-

1455 5525 1560 5578 que
1594 5507 1662 5561 ad
1685 5507 2008 5564 extremum.

1527 5598 1616 5651 27.
1645 5597 1797 5653 Post.

1527 5688 1618 5743 29.
1649 5687 1704 5742 In
1734 5689 2034 5747 occidente.

1533 5779 1866 5837 Porrectum.

2893 477 3296 532 ΘΕΟΔΟΤΙΩΝ.

2646 729 2697 783 8.

2647 891 2734 944 12.
2774 889 2880 944 Kal
2911 891 2958 941 οἱ
2982 888 3178 945 δοῦλοι.

2655 981 2748 1034 Ἐκ
2778 997 2852 1033 πα
2861 979 3135 1050 ρεμϐολῶν
3165 977 3374 1050 βουνοῦ.

2643 1145 2728 1198 15.
2771 1144 2892 1198 Ἐπὶ
2910 1143 3008 1212 τῆς
3038 1139 3434 1212 κολυμϐήθρας.

2651 1332 2737 1386 16.

2650 1511 2732 1565 17..

2645 1691 2728 1748 19.

2645 1781 2735 1837 20.

2639 1873 2732 1926 21.

2637 1965 2730 2019 25.

2643 2213 2732 2266 24.
2787 2210 3164 2300 ’Υδριιγωγοῦ.¹

2633 2303 2941 2376 Φάραγγος.

2640 2531 2745 2584 Τοῦ
2788 2530 2997 2600 βουνοῦ.

2642 2621 2732 2674 2‘5.

2645 2779 2731 2836 26.

2643 2941 2732 2995 27.

2638 3033 2727 3089 29.
2777 3033 2863 3088 Ἐν
2895 3034 3090 3105 ὁμαλῇ.

2881 3279 3299 3335 THEODOTIO.

2636 3527 2688 3582 8.

2639 3687 2726 3742 12.
2761 3685 2826 3740 Εῑ
2854 3687 3014 3742 servi.

2637 3773 2718 3828 Ex
2749 3774 2945 3830 castris
2973 3773 3146 3829 collis.

2639 3937 2725 3992 15.
2768 3935 2943 4006 Super
2971 3933 3258 4006 piscinam.

2639 4119 2722 4174 16.

2639 4298 2723 4352 17.

2643 4480 2731 4536 19.

2644 4571 2737 4628 20.

2644 4658 2735 4713 21.

2646 4751 2735 4806 25.

2637 4931 2729 4988 24.
2757 4929 3008 5001 (Collem)
3040 4928 3410 5000 aquaeductus.

2634 5021 2824 5078 Vallis.

2641 5183 2830 5239 Collis.

2638 5275 2729 5331 25.

2633 5437 2722 5494 26.

2638 5597 2727 5650 27.

2641 5689 2730 5745 29.
2775 5689 2830 5744 in
2869 5687 3108 5759 planitie.
