4020 6302
193 347 250 406 ta
1223 345 1228 354 '
1316 361 1448 418 LIB.
1484 361 1528 416 ιι
1566 361 1802 420 necum
1840 362 2070 420 CAPUT
2097 348 2224 420 νη.

1262 478 1516 544 CAPUT
1566 480 1681 544 vn
1719 483 1873 544 LIB.
1917 483 1971 543 ιι
2008 445 2316 545 uiscum].

457 590 876 677 mutuos.
1728 590 1806 657 ον.

244 747 290 808 1.
1284 829 1291 830 7
1329 757 1381 812 1.
1417 757 1976 830 Κατελκληρονόμησεν
1996 758 2311 814 αὐτόν.Ἅλο

1258 829 1369 894 λος
1394 866 1409 892 ,
1442 827 1785 882 κατέπαῦσεν
1807 827 1982 900 αὐτῷ.

243 909 290 966 2.
1325 917 1382 972 2.
1424 917 1512 973 Ἑν
1544 916 1694 989 μέσῳ
1718 919 1819 990 τῆς
1855 920 2085 991 σκηνῆς.

242 1072 289 1127 6.
323 1069 452 1126 ’Δλλ⁹
480 1073 648 1145 ήμην.

253 1163 326 1217 Ἐν
348 1164 534 1236 σκέπῃ.

244 1253 290 1308 8.
328 1254 411 1308 Ἐκ
434 1255 530 1327 τῆς
552 1255 744 1328 νομῆς.

1329 1080 1383 1136 ϐ.
1403 1079 1515 1134 Kai.
1545 1079 1716 1152 ἥμην.

1340 1171 1430 1225 Ἐν
1453 1170 1816 1242 καταλύματι.

1329 1260 1385 1316 8.
1423 1261 1519 1314 Ἐκ
1552 1261 1652 1333 τῆς
1678 1261 1938 1334 μάνδρας.

1339 1349 1533 1408 Vacat.

249 1431 326 1514 1θζ
361 1433 748 1490 ’Δναπαύσεται
778 1435 873 1491 ἐπὶ
898 1438 992 1492 τοῦ
1023 1438 1188 1494 τόπου
1310 1443 1422 1516 10.
1452 1444 1564 1499 Καὶ
1592 1443 2012 1516 κατασκηνώσει
2046 1444 2170 1502 καθ’
2187 1444 2314 1500 ἐαυ-

191 1501 345 1557 αὐτοῦ.
703 1535 707 1538 ·
1260 1514 1374 1572 τόν.

247 1593 714 1670 Μετασταθήσεται.
1331 1605 1474 1678 Μερι
1481 1605 1694 1677 μνήσει.

1333 1695 1684 1771 Ταῖτεινῶσαι
1704 1696 1900 1771 ἀύτὸν.
1941 1698 2158 1764 Ἄλλος
2182 1737 2196 1766 ,
2221 1714 2316 1771 με·

1264 1767 1552 1838 τακινῆσαι
1585 1766 1770 1822 αὐτόν.

251 1847 321 1904 11.
347 1849 578 1920 Ποιήσει.
1339 1857 1426 1913 11.
1454 1857 1864 1929 Οἰκοδομήσεις.

254 1938 326 1992 IS.
360 1940 448 1994 Ἐκ
473 1939 580 1996 τῶν
618 1939 868 2011 ὲγκάτων
899 1958 1014 1998 σου.
1055 1983 1058 1986 .
1339 1942 1428 2001 12.
1468 1945 1564 2000 Ἐκ
1585 1946 1684 2018 τῆς
1705 1946 1911 2011 κοιλίας
1938 1964 2053 2004 σου.

249 2032 339 2085 Καὶ
361 2032 582 2105 ἑδράσω.
1337 2041 1449 2096 Καὶ
1475 2041 1772 2113 ἑτοιμάσω.

255 2123 326 2179 15,
357 2125 458 2180 Καὶ
490 2128 721 2200 ἐδράσω.

253 2215 327 2272 15.
358 2217 544 2285 Καθὼς
571 2220 792 2291 ἀφεῖλον
819 2222 969 2294 παρά
1000 2223 1190 2278 Σαούλ.

1340 2135 1428 2189 15.
1461 2135 1572 2190 Καὶ
1610 2134 1924 2208 ἀνορθώσω.

1340 2225 1428 2302 15.
1459 2225 1660 2293 Καθὼς
1725 2227 2014 2301 ἀπέστησα
2083 2231 2176 2302 ἀφ’
2242 2225 2319 2286 ὧν

1268 2296 1576 2369 ἀπέστησα.

254 2342 343 2434 16..
363 2378 415 2433 '0
433 2376 578 2445 οἶκός
606 2399 722 2448 σου,
753 2383 846 2437 καὶ
873 2385 908 2456 ἡ
950 2384 1196 2456 βασιλεία
1269 2342 1706 2463 ἰεόἒῖκος
1738 2387 1926 2455 αὑτοῦ,
1957 2389 2052 2444 καὶ
2097 2393 2131 2463 ἡ
2163 2391 2318 2462 βασι-

202 2461 293 2500 am.
1269 2457 1388 2511 λεία
1410 2457 1597 2513 αὑτοῦ.

263 2541 613 2618 Ἡδρασμένος.
793 2593 796 2596 .
1355 2549 1607 2622 Ἀνωρθω
1613 2549 1793 2622 μένος.

255 2634 324 2689 18.
357 2639 587 2709 Ἥγαγές
622 2659 710 2713 με.
1345 2643 1432 2698 18.
1472 2641 1798 2714 Ἠγάπησάς
1837 2660 1927 2715 με.

258 2724 332 2781 19.
1280 2805 1300 2808 Δ
1345 2733 1432 2808 19.
1457 2733 1570 2786 Καὶ
1593 2733 2074 2808 κατεσμικρύνθην
2097 2736 2318 2808 μικρόν.

1345 2752 1432 2788 w.
1459 2752 1570 2786 Μιι
1593 2752 1762 2787 κατεσ
1809 2752 2074 2806 ικρυνυην
2143 2752 2318 2808 ικρον.

1277 2805 1516 2885 Ἀμος,
1547 2752 2016 2876 κατεσμξέιρυνται
2052 2752 2136 2860 τὲ
2151 2809 2325 2879 μικρά

1271 2891 1463 2928 ταυτα.

256 2955 334 3013 2Ι.
1341 2964 1431 3035 21.
1460 2963 1561 3017 Διὰ
1578 2965 1669 3018 τὸν
1697 2964 1883 3020 δοῦλόν
1913 2983 2028 3022 σου.
2085 2968 2323 3035 Ἄλλος,

1274 3033 1414 3089 κατά
1445 3035 1535 3088 τὸν
1561 3035 1719 3104 λόγον
1755 3051 1870 3090 σου.

1347 3125 1441 3182 22.
1473 3125 1700 3180 Ἕνεκεν
1723 3125 1819 3180 τοῦ
1856 3127 2158 3198 μεγαλῦναί
2191 3144 2272 3181 σε.

1351 3218 1441 3277 23.
1474 3217 1582 3273 Τοῦ
1605 3217 1796 3272 θέσθαι
1824 3235 1904 3272 σε.

259 3121 334 3178 22.
358 3124 438 3178 Διὸ
466 3122 635 3197 μέγας
660 3121 731 3179 εἴ.

260 3211 333 3269 23.
362 3214 466 3269 Ἵνα
493 3214 630 3289 τάξῃ
661 3216 860 3288 ἐαυτῷ.

453 3330 895 3389 SYMMACHUS.
1455 3333 1599 3390 LXX
1637 3335 2139 3392 lNTERPRETES.

270 3443 314 3500 |.
1353 3451 1406 3504 1.
1441 3449 1777 3508 Haareditare
1811 3451 1939 3509 fecit
1970 3468 2119 3509 eum.
2148 3451 2322 3517 Alius,

1284 3520 1434 3575 dedit
1464 3522 1709 3591 requiem
1738 3523 1810 3578 ei.

267 3605 312 3660 2.
1351 3610 1404 3665 2.
1452 3609 1509 3666 In
1541 3612 1722 3667 medio
1751 3611 2108 3668 tabernaculi.

266 3785 312 3842 6.
335 3787 430 3845 Sed
455 3805 617 3847 eram.
1353 3793 1388 3849 6
1436 3791 1502 3848 Et
1523 3807 1675 3849 eram
1704 3792 2144 3864 (inambulans).

1353 3883 1409 3939 In
1437 3882 1693 3940 tentorio.

1349 3976 1405 4034 8.
1435 3975 1514 4030 Ex
1546 3973 1795 4030 mandra.

1365 4065 1553 4121 Vacat.

1355 4157 1444 4212 1ο.
1477 4155 1545 4213 Ει
1578 4155 1844 4212 habitabit
1883 4171 1978 4226 per
2011 4171 2090 4212 sc.

1357 4246 1474 4303 Erit
1504 4247 1772 4304 solicitus.

1356 4339 1437 4394 Ad
1491 4339 1887 4396 humiliandum
1948 4353 2098 4395 eum.
2152 4339 2329 4401 Alius,

1289 4408 1355 4464 ad
1383 4408 1866 4466 transmovendum
1896 4424 2044 4465 eum.

1365 4502 1451 4556 11.
1496 4500 1832 4565 Ᾱζόίίῖοθδίε.

1362 4592 1454 4648 12.
1491 4591 1572 4649 Ex
1608 4603 1796 4649 ventre
1829 4602 1944 4648 tuo.

1363 4682 1429 4739 Et
1459 4686 1684 4756 parabo.

1364 4783 1453 4837 15.
1486 4779 1552 4835 Et
1578 4780 1804 4851 erigant.

1364 4872 1454 4928 15.
1497 4871 1648 4926 Sicut
1689 4870 1892 4934 removi
1934 4870 2003 4926 ab
2041 4868 2172 4933 iisa
2217 4868 2339 4941 qui-

1293 4942 1397 4998 bus
1425 4943 1652 4998 removi.
2070 4949 2072 4952 '

1365 5032 1454 5088 16.
1489 5032 1696 5088 Domus
1722 5031 1843 5102 ejus
1861 5041 1916 5086 et
1941 5045 2168 5103 regnum
2191 5031 2335 5101 ejus.

1365 5122 1616 5182 Erectus.

1366 5216 1456 5273 18.
1496 5215 1744 5271 Dilexisti
1769 5230 1876 5272 me.
1923 5255 1926 5259 ι

269 3875 316 3932 In
345 3884 580 3939 tentorio.

268 3969 314 4023 8.
341 3971 379 4026 Ε
405 3988 615 4044 pascuo.

276 4153 348 4210 t0.
381 4155 688 4229 Requiescet
715 4175 882 4232 super
906 4161 1028 4218 loco
1062 4175 1188 4219 suo.

271 4243 640 4309 Transferetur.

280 4499 354 4557 11.
382 4501 565 4558 Faciet.

284 4589 354 4645 12.
379 4590 450 4647 De
475 4594 768 4651 visceribus
797 4595 929 4651 tuis.

281 4681 333 4734 l-lt
358 4683 589 4741 iirmabo.

290 4774 362 4829 15.
393 4775 453 4830 Et
474 4777 716 4835 ﬁrmabo.

287 4865 358 4920 15.
387 4867 523 4925 Sicut
545 4871 743 4927 abstuli
776 4888 808 4926 a
843 4869 995 4926 Saul.

1183 4589 1220 4605 ..υ

289 5025 361 5078 16.
383 5024 568 5088 Domus
592 5040 684 5088 tua
710 5039 767 5088 et
795 5046 1021 5103 regnum
1045 5039 1220 5087 tuum.

284 5116 540 5180 Firmatus.

287 5210 360 5266 i8.
387 5211 573 5275 Duxisti
602 5234 714 5276 me.

284 5297 358 5354 19.
1366 5307 1457 5364 19.
1496 5307 1565 5362 Ει
1611 5306 1790 5363 factus
1836 5321 1956 5363 sum
2006 5319 2207 5375 parvus
2239 5319 2336 5375 pa-

1298 5393 1441 5434 rum.
1476 5377 1588 5446 Αι.,
1613 5385 1669 5433 et
1700 5392 1867 5448 parva
1903 5375 2045 5431 facta
2074 5384 2202 5431 sunt
2224 5376 2350 5431 exi-

1296 5463 1401 5520 gua
1431 5449 1566 5504 haec.

283 5526 362 5586 21.
1366 5541 1456 5596 21.
1479 5539 1706 5610 Propter
1725 5553 1870 5594 sem

1366 5541 1456 5596 21.
1479 5539 1706 5610 Propter
1725 5553 1945 5603 servum
1972 5548 2146 5594 tuum.
2167 5537 2338 5603 Alius,

1299 5609 1600 5666 secundum
1635 5609 1860 5664 verbum
1887 5617 2061 5664 tuum.

1369 5700 1462 5755 2'2.
1493 5699 1563 5757 Ut
1597 5699 1976 5774 magniﬁcares
2010 5709 2078 5756 te.

1374 5795 1465 5851 25.
1501 5793 1582 5850 Ad
1617 5793 1927 5865 ponendum
1961 5801 2037 5858 te.

286 5694 362 5750 22.
389 5695 652 5771 Propterea
689 5721 930 5776 magnus
957 5719 1040 5762 es.

288 5785 363 5842 25.
405 5788 466 5844 Ut
490 5807 743 5856 statueret
771 5798 897 5855 sibi.

3343 359 3416 418 5ο

2695 601 3103 657 ΘΕΟΔΟΤΙΩΝ.

2457 761 2513 820 1.

2453 904 2508 979 2.

2453 1085 2506 1142 6.

2454 1236 2509 1322 8.

2457 1443 2546 1503 10.

2472 1857 2556 1912 ||.

2473 1950 2558 2006 12.

2469 2138 2555 2194 15.

2466 2225 2552 2283 15.

2465 2389 2554 2446 16.
2591 2386 2651 2442 ὐ
2676 2383 2823 2453 οἶκός
2847 2403 2961 2451 σου,
3007 2387 3102 2441 καὶ.
3133 2387 3167 2456 ἡ
3188 2380 3443 2455 βασιλεία

2393 2477 2509 2517 σου.

2470 2643 2560 2698 18.

2469 2735 2556 2790 19.

2467 2967 2561 3024 21.

2474 3127 2567 3184 22.

2476 3218 2567 3274 23.

2720 3329 3140 3391 ΤηΕοῡοτιο.

2472 4154 2563 4212 10.

2485 4499 2571 4553 11.

2481 4589 2567 4644 12.

2480 4769 2570 4828 15.

2484 4860 2572 4917 15.

2484 5018 2574 5079 16.
2603 5019 2806 5079 Domus
2827 5027 2921 5076 tua
2949 5027 2998 5075 et
3020 5031 3248 5090 regnum
3274 5026 3454 5073 tuum.

2483 5206 2570 5265 |8.

2468 5300 2572 5356 .19.

2481 5533 2569 5588 21.

2488 5693 2580 5749 22.

2490 5785 2580 5842 25.
2686 5806 2691 5817 '
