4020 6302
195 351 315 404 157
1384 358 1514 414 LIB.
1559 358 1628 413 Ill
1667 357 1782 413 ῐίΕ(

1895 356 1910 411 l
1947 355 2173 412 CAPUT
2214 354 2300 409 Vl.
3384 356 3482 409 158

277 461 346 515 ν.
370 465 723 537 _16.'A.1.10c,
751 467 1036 523 ἐπιστάται
1058 467 1152 521 τοῦ
1183 466 1312 523 λαοῦ
1341 469 1450 523 τῶν
1470 470 1787 524 ποιούντων.

1901 485 1963 522 ea
1989 468 2253 537 descripta
2283 469 2447 537 fuisse
2475 481 2538 520 ex
2569 466 2754 536 aliqua
2782 469 3011 521 editione
3042 477 3243 521 vetusta
3264 509 3278 532 ,
3313 477 3483 522 tamen

201 532 592 609 [δι-υείυθηυρ
621 536 674 589 in
710 538 880 609 hasce
909 537 1101 607 capitis
1124 556 1153 592 v
1177 539 1436 594 lectiones
1461 541 1575 595 haec
1601 547 1752 594 notat
1776 557 1788 593 :
1902 538 1957 590 id
1988 554 2082 605 pro
2115 532 2254 592 cérto
2283 532 2544 609 afﬁrmare
2569 532 2672 590 non
2697 553 2995 605 possumus.
3024 539 3146 592 Dies
3175 555 3290 604 nos,
3311 555 3482 609 spero,

195 604 345 677 Qua;
379 605 580 677 adduxi
609 620 674 658 ex
702 608 805 677 isto
835 604 1026 676 capite,
1069 609 1327 662 habentur
1369 611 1422 662 in
1481 609 1630 662 libris
1678 609 1796 677 qui-
1904 604 2109 661 debebit
2144 608 2281 676 quod
2306 604 2444 661 nunc
2471 604 2795 677 ignoramus.

197 671 444 728 busdam
469 676 716 730 editionis
755 671 1021 748 Vulgum,
1036 689 1084 732 et
1116 695 1435 748 quamquam
1463 671 1716 734 credibile
1739 679 1812 731 sit

1293 875 1550 937 CAPUT
1596 873 1678 935 Vl
1733 875 1881 935 LIB.
1938 872 2027 933 Ill
2099 872 2399 933 REGUM.

536 975 940 1031 ΣΥΜΜΑΧΟΣ.
1827 977 1868 1028 o
1890 1014 1920 1044 η,
2768 975 3166 1029 θΕυΔοΤιοΝ.

273 1131 338 1187 1.
391 1132 774 1204 Ὀγδοηκοστῷ.
1404 1138 1454 1190 1.
1489 1136 1939 1207 Τεσσαρακοστῷ.
2525 1136 2572 1189 l.

265 1223 334 1280 2.
1369 1253 1383 1270 ι
1401 1225 1455 1278 9..
1493 1225 1852 1298 Τεσσαράκον¹

1369 1253 1383 1270 ι
1401 1225 1455 1278 9..
1493 1225 1930 1298 Τεσσαράκοντα.
1981 1226 2190 1280 Ἄλλοι
2208 1265 2222 1291 ,
2251 1226 2376 1295 sei;-
2520 1225 2573 1280 2.

1334 1312 1518 1350 κοντα.

276 1381 339 1438 '5.
381 1383 678 1456 Πρὸπυλον.
1402 1387 1456 1442 5.
1490 1386 1562 1438 Τὸ
1591 1386 1778 1457 αἰλάμ.
1903 1396 1905 1399 ’
2519 1388 2572 1442 5.

282 1476 347 1528 4.
376 1476 606 1547 Θυρίδας
650 1475 744 1530 καὶ
766 1476 994 1543 ὲκθέτας
1043 1479 1260 1533 ὲπισκὲ-
1497 1483 1729 1556 Θυρίδας
1773 1482 2212 1552 διακυπτομένας
2245 1501 2378 1554 κρυ-
2613 1476 2845 1548 Θυρίδας
2889 1479 3325 1550 διακυπτομὲνας
3366 1495 3496 1551 κρυ-

207 1560 449 1609 manu.
1334 1553 1492 1616 πτας.
1579 1547 1590 1556 ’
1715 1547 1720 1549 Ἴ

1334 1553 1492 1616 πτας.
1579 1547 1590 1556 ’
1715 1547 1720 1549 Ἴ
2047 1547 2059 1552 ”
2200 1547 2203 1548 ⁷
2286 1547 2299 1554 ”
2451 1547 2613 1611 πτάς.

280 1635 343 1688 5.
377 1635 846 1708 Καταστρώματα.
1405 1643 1457 1696 5.
1493 1642 1771 1715 Μέλαθρα.
2520 1635 2572 1690 δ·

279 1731 411 1786 Καὶ
441 1734 921 1804 χρηματιστηρίου.
1406 1734 1517 1786 Καὶ
1544 1733 1623 1804 τῷ
1645 1734 1834 1807 Δαϐἰρ.

283 1821 340 1874 9.
1405 1822 1459 1877 9.
1489 1825 1599 1877 Kal.
1633 1825 1943 1880 ὲκοιλοστάθ
1952 1842 2140 1897 μησεν.
2518 1819 2573 1873 9-

281 1911 382 1964 10.
414 1913 519 1966 Καὶ
588 1913 907 1986 ᾠκοδόμησε
959 1916 1020 1969 τὸ
1092 1917 1263 1971 κατά·
1407 1916 1494 1971 10.
1523 1916 1998 1989 Καὶηῴκοδὸμησε
2051 1917 2177 1989 τοὺς
2235 1915 2378 1989 ὲνδςέ-
2525 1908 2607 1962 10-

214 1997 468 2051 στρωμα.
1337 2004 1508 2055 σμους
1540 1987 1605 2040 δι’
1633 1986 1755 2040 ὅλου
1807 1986 1899 2041 τοῦ
1924 1986 2073 2041 οἴκου
2105 1988 2266 2040 πέντε
2320 1986 2382 2038 ὲν

1337 2058 1501 2127 πήχει
1533 2057 1592 2110 τὸ
1616 2056 1748 2127 ὕψος
1775 2057 1959 2111 αὐτοῦ.

509 2161 952 2221 SYMMACIIUS.
1523 2167 1666 2223 LXX
1707 2167 2208 2224 INTERPRETES.
2743 2161 2835 2218 TH
2846 2160 3155 2219 EODOTIO.

285 2259 311 2311 1
327 2299 342 2311 .
387 2256 749 2327 Octogesimo.
1402 2265 1459 2318 1.
1492 2264 1872 2335 Quadragesim

1402 2265 1459 2318 1.
1492 2264 1942 2335 Quadragesimo.
2528 2259 2577 2314 Ι-

289 2348 351 2401 9-
1403 2353 1458 2408 ἓ.
1487 2353 1878 2425 Quadraginta.
1909 2355 2039 2419 Atii,
2072 2353 2374 2426 sexaginta.
2521 2344 2579 2404 2.

283 2441 340 2496 5.
381 2438 737 2496 Vestibulum.
1404 2445 1456 2500 5.
1493 2443 1694 2500 Elam.

1404 2445 1456 2500 5.
1493 2443 1694 2500 Elam.
2524 2439 2577 2494 3.

283 2532 341 2586 4.
382 2531 669 2589 Fenestras
685 2542 738 2588 et
765 2534 1010 2591 ectbetas
1038 2536 1104 2592 ad
1133 2552 1262 2607 pro-
1405 2537 1460 2607 1.
1491 2535 1781 2591 Fenestras
1827 2535 2239 2605 prospicientes,
2288 2550 2380 2590 oc—
2528 2534 2580 2607 gl.
2617 2533 2906 2591 Fenestras
2959 2532 3373 2604 prospicientes,
3403 2546 3497 2588 oc-

219 2611 484 2674 spectum.
752 2631 754 2633 >
1133 2604 1151 2607 “
1336 2606 1532 2661 cultas.
1831 2604 1844 2605 ν
2454 2604 2648 2659 cultas.

286 2695 346 2749 5.
376 2693 664 2750 Tabulata.
1408 2695 1458 2749 5.
1488 2694 1769 2750 Melatltra.
2523 2697 2578 2754 5.

289 2786 358 2838 Et
381 2786 610 2840 oraculi.
1407 2787 1473 2844 Et
1502 2789 1603 2858 ipsi
1634 2788 1818 2844 Dabir.

287 2876 342 2930 9.
1405 2879 1460 2935 9.
1492 2879 1650 2935 Texit
1682 2895 1901 2951 quoque
1938 2881 2309 2950 laquearibus.
2529 2881 2587 2935 9.

293 2968 382 3023 10.
409 2967 475 3021 Ει
504 2967 796 3025 aediﬁcavit
828 2969 1152 3025 tabulatum.
1412 2971 1496 3026 10.
1532 2971 1598 3026 Ει
1626 2972 1915 3028 azditlcavit
1963 2972 2252 3040 ligamenta
2285 2989 2377 3028 su-
2529 2974 2612 3027 10.

1339 3056 1435 3121 per
1465 3043 1906 3121 totatqdomum,
1940 3043 2182 3112 quinque
2226 3044 2377 3099 cubi-

1339 3120 1520 3164 torum
1550 3113 1776 3166 altitudo
1803 3113 1944 3182 ejus.

228 3198 408 3254 medio
451 3199 689 3252 ﬁliorum
727 3199 892 3253 Israel
923 3217 935 3252 :
969 3206 1023 3252 et
1058 3213 1167 3253 non
1207 3198 1582 3270 derelinquam
1629 3217 1805 3271 popu—
1913 3216 2042 3255 mon
2077 3201 2322 3270 domum,
2355 3213 2409 3260 et
2435 3203 2838 3259 consummavit
2869 3217 3009 3256 eam.
3047 3200 3200 3271 Vulg.
3233 3200 3296 3255 Et
3326 3201 3500 3258 factus

227 3292 338 3344 lum
380 3305 560 3344 meum
590 3290 775 3345 Israel.
807 3281 879 3344 Et
906 3289 1193 3345 aediﬁcavit
1221 3288 1443 3346 Salomo
1472 3293 1696 3346 domum
1741 3303 1795 3347 et
1923 3302 2007 3348 est
2038 3309 2218 3349 sermo
2249 3295 2467 3350 Domini
2493 3296 2560 3350 ad
2620 3293 2968 3349 Salomonem
3018 3293 3241 3348 dicens:
3295 3292 3500 3348 Domus

227 3380 455 3450 perfecit
504 3397 648 3436 eam.
680 3380 814 3448 Alii,
846 3391 900 3436 et
933 3381 1135 3437 factum
1193 3389 1277 3437 est
1320 3383 1543 3438 verbum
1592 3383 1808 3438 Domini
1922 3384 2062 3450 haec,
2100 3401 2263 3454 quam
2300 3386 2562 3454 aediﬁcas,
2623 3385 2668 3440 si
2709 3375 3077 3440 ambulaveris
3115 3383 3166 3437 in
3216 3383 3501 3453 praeceptis

226 3475 291 3527 ad
333 3472 682 3528 Salomonem
715 3473 938 3529 dicens:
963 3472 1169 3529 Domus
1211 3473 1346 3542 haec,
1383 3489 1547 3543 quam
1582 3483 1637 3530 tu
1684 3475 1816 3531 aedi-
1923 3475 2082 3539 meis,
2121 3486 2174 3530 ct
2195 3476 2401 3546 judicia
2440 3493 2561 3532 mea
2614 3476 2832 3539 feceris,
2863 3485 2919 3530 et
2961 3473 3285 3530 custodieris
3315 3473 3497 3528 omnia

229 3565 382 3631 ﬁcas,
417 3564 465 3618 si
504 3564 874 3619 ambulaveris
909 3565 962 3618 in
993 3564 1266 3621 mandatis
1313 3567 1474 3628 meis,
1516 3573 1570 3618 et
1607 3566 1812 3634 judicia
1916 3568 2172 3621 mandata
2210 3584 2352 3635 mea,
2381 3569 2637 3638 gradiens
2666 3584 2761 3638 per
2788 3583 2887 3632 ea;
2933 3566 3163 3619 Iirmabo
3190 3579 3499 3619 sermonem

231 3672 349 3712 mea
392 3655 609 3720 feceris,
646 3665 700 3711 et
752 3656 1075 3712 custodieris
1115 3657 1301 3711 omnia
1356 3665 1626 3726 praecepta
1670 3673 1813 3724 mea,
1921 3673 2107 3712 meum
2142 3661 2260 3724 tibi,
2292 3677 2454 3730 quem
2502 3662 2718 3716 locutus
2771 3675 2891 3714 sum
2947 3657 3014 3711 ad
3072 3657 3238 3710 David
3289 3665 3499 3725 patrem

231 3748 301 3802 ad
339 3747 667 3802 versandum
718 3748 773 3802 in
809 3747 888 3801 eis
916 3764 930 3813 ;
992 3756 1228 3802 statuam
1287 3763 1599 3803 sermonem
1630 3763 1814 3803 meum
1930 3758 2110 3803 tuum.
2143 3747 2209 3803 Et
2243 3750 2504 3806 habitabo
2537 3751 2591 3805 in
2621 3750 2802 3804 medio
2832 3749 3068 3802 ﬁliorum
3095 3747 3281 3813 Israel,
3309 3757 3364 3802 et
3395 3764 3498 3809 non

229 3853 394 3909 quem
429 3838 640 3893 locutus
672 3853 792 3893 sum
830 3837 894 3892 ad
929 3837 1097 3892 David
1139 3847 1346 3909 patrem
1383 3846 1560 3892 tuum.
1589 3839 1654 3893 Et
1707 3840 1806 3893 ba-
1923 3839 2302 3909 derelinquam
2339 3841 2599 3911 p0pulum
2642 3857 2821 3896 meum
2850 3839 3036 3894 Israel.
3068 3839 3239 3909 Igitur
3260 3837 3503 3894 aediﬁca-

233 3929 425 3985 bitabo
460 3931 514 3983 in
554 3930 735 3985 medio
784 3930 1020 3986 ﬁliorum
1079 3930 1279 3996 Israel,
1316 3938 1370 3984 et
1405 3945 1512 3984 non
1573 3931 1811 3986 derelin-
1931 3932 2012 3986 vit
2049 3930 2308 3990 Salomon
2341 3934 2586 3999 domum,
2629 3943 2684 3990 et
2707 3931 3108 3989 consummavit
3141 3947 3284 3986 eam.

229 4037 395 4093 quam
454 4021 713 4092 populum
749 4037 930 4077 meum
972 4021 1160 4077 Israel.
1195 4020 1262 4076 Et
1294 4021 1581 4076 aediﬁcavit
1632 4021 1788 4077 Salo-

303 4181 392 4236 15.
427 4180 498 4236 Η.
532 4178 989 4252 Contignationis.
1017 4177 1084 4232 Α.
1113 4178 1172 4233 8.
1205 4177 1302 4236 Th.
1333 4195 1509 4251 usque
1557 4180 1624 4234 ad
1668 4179 1912 4235 domum.
1947 4179 2120 4235 LXX.
2157 4196 2332 4252 usque
2355 4179 2424 4235 ad
2461 4180 2662 4237 trabes.
2705 4179 2860 4252 Vulg.
2890 4195 3064 4249 usque
3096 4179 3162 4234 ad
3199 4177 3504 4248 laquearia.

228 4297 476 4352 etitatem
506 4296 877 4350 sanctitatum.
916 4295 978 4348 Α.
1015 4293 1077 4348 8.
1103 4292 1170 4346 Et
1197 4291 1486 4347 aediﬁcavit
1517 4292 1621 4347 sibi
1663 4291 1808 4346 intra
1923 4291 2051 4348 fecit
2075 4309 2104 4347 a
2135 4292 2301 4347 Dabir
2327 4293 2380 4346 in
2407 4299 2660 4347 sanctum
2688 4299 3027 4346 sanctorum.
3052 4288 3148 4343 Th.
3169 4289 3234 4344 Et
3251 4289 3378 4344 fecit
3401 4289 3504 4343 sibi

227 4388 514 4443 oraculum
570 4386 650 4456 (8.
709 4389 942 4441 interius
997 4384 1231 4457 oraculi)
1309 4385 1633 4441 sanctiﬁcati
1685 4399 1816 4440 san-
1924 4385 2065 4439 intra
2091 4384 2255 4440 Dabir
2282 4385 2337 4440 in
2383 4392 2636 4440 sanctum
2681 4391 3016 4438 sanctorum.
3073 4380 3226 4451 Vulg.
3267 4379 3332 4432 Et
3377 4379 3508 4433 fecit

227 4479 616 4536 ctiﬁcatorum.
669 4476 750 4550 (8.
784 4476 841 4532 In
869 4483 1120 4534 sanctum
1148 4476 1510 4548 sanctorum).
1541 4474 1712 4530 LXX.
1737 4473 1807 4530 Et
1925 4476 2242 4532 interiorem
2270 4476 2494 4531 domum
2543 4475 2750 4531 oraculi
2787 4475 2842 4528 in
2873 4481 3124 4528 sanctum
3161 4481 3502 4534 sanctorum.

229 4709 358 4746 mc:
387 4690 573 4759 πηχῶν
613 4689 806 4760 μῆκος,
858 4689 953 4743 καὶ
1004 4687 1177 4742 εἴκοσι
1235 4687 1427 4760 πηχῶν
1461 4687 1683 4750 πλάτος,
1723 4685 1816 4738 καὶ

1929 4689 2100 4735 retur.
2140 4679 2206 4733 Et
2257 4677 2541 4732 oraculum
2577 4676 2630 4730 in
2688 4674 2867 4729 medio
2923 4673 3119 4728 domus
3163 4671 3499 4735 intrinsecus

229 4780 411 4837 ὲῖκοσι
450 4780 637 4852 πηχῶν
699 4779 989 4851 ἀνάστημα
1045 4779 1232 4843 αὐτοῦ,
1294 4779 1390 4832 καὶ
1427 4777 1816 4848 περιεπήλισεν

1929 4771 2165 4842 paravit,
2197 4769 2264 4824 ad
2289 4767 2525 4824 dandam
2566 4767 2638 4822 ibi
2686 4781 2870 4821 arcam
2917 4763 3140 4820 foederis
3169 4762 3403 4818 Domini.
3442 4762 3508 4828 Et

229 4872 372 4928 αὐτὸ
398 4872 602 4943 χρυσίῳ
634 4869 993 4940 ἀποκλείστῳ,
1041 4870 1096 4921 Σ.
1156 4868 1208 4940 μ’
1241 4867 1432 4939 πηχῶν
1477 4863 1545 4938 ἦν
1597 4866 1625 4917 ὁ
1674 4861 1816 4928 οἶκος

1928 4865 1996 4919 ad
2045 4862 2238 4918 faciem
2275 4861 2486 4916 oraculi
2519 4859 2710 4929 viginti
2761 4858 3070 4913 cubitorum
3112 4855 3416 4925 longitudo,
3449 4864 3503 4912 ct

230 4945 401 5028 αὐτὸς
429 4966 457 5016 ὁ
479 4963 603 5025 ναὸς
636 4961 982 5026 ὁΐσὼτατος,
1036 4961 1131 5015 καὶ
1167 4959 1256 5014 διὰ
1290 4960 1482 5030 κέδρου
1535 4956 1670 5027 πρὸς
1726 4955 1817 5007 τὸν

1928 4952 2118 5022 viginti
2143 4951 2457 5006 cubitorum
2484 4949 2736 5011 latitudo,
2769 4957 2825 5002 et
2851 4946 3038 5017 viginti
3077 4946 3386 5000 cubitorum
3435 4944 3508 4998 al-

233 5052 390 5109 οἷκον
424 5054 531 5106 ἔσω
564 5053 789 5124 πλοκὴν,
822 5054 1192 5114 ἐπανάστασις
1214 5053 1308 5105 καὶ
1330 5050 1537 5103 πέταλα
1559 5049 1654 5102 καὶ
1689 5047 1819 5101 ἀνά-

1928 5043 2104 5098 titudo
2134 5041 2252 5110 ejus
2280 5058 2293 5093 :
2336 5047 2391 5093 et.
2422 5037 2654 5092 obduxit
2679 5037 2812 5090 illud
2841 5051 2979 5090 auro
3007 5034 3240 5089 incluso.
3272 5031 3330 5087 S.
3359 5032 3507 5098 Qua-

235 5147 424 5217 γλυφα
456 5146 632 5200 πάντα
665 5144 905 5222 κέδρινα,
933 5146 1033 5198 οὐκ
1055 5144 1307 5214 ἐφαίνετο
1337 5141 1483 5206 λίθος
1507 5157 1520 5172 ’
1558 5143 1652 5195 καὶ
1689 5157 1822 5211 χρη-

1926 5133 2179 5204 draginla
2208 5131 2521 5187 cubitorum
2551 5139 2670 5184 erat
2691 5128 2889 5184 domus
2916 5127 3093 5195 ipsum
3127 5124 3389 5194 templum
3420 5125 3505 5178 in—

243 5239 597 5310 ματιστήριον
629 5239 685 5290 ὲν
721 5237 870 5306 μέσῳ
892 5236 986 5289 τοῦ
1014 5235 1164 5289 οἴκου
1196 5235 1302 5288 ἔσω
1327 5235 1642 5306 ἡτοίμασεν,
1683 5232 1824 5285 ὥστε

1925 5226 2120 5280 timum
2151 5243 2164 5278 :
2195 5231 2250 5278 et
2278 5239 2343 5278 ex
2373 5222 2536 5277 cedro
2567 5220 2632 5275 ad
2667 5221 2890 5275 domum
2929 5217 3176 5270 intimam
3213 5217 3507 5286 complica-

237 5328 463 5400 τεθῆναι
491 5330 607 5380 ἐκεῖ
630 5328 730 5398 τὴν
756 5325 987 5380 κιὸωτδν
1013 5326 1113 5397 τῆς
1144 5324 1408 5395 διαθήκης
1451 5322 1656 5394 Κυρίου
1680 5338 1694 5352 ·
1731 5320 1824 5375 καὶ

1926 5319 2130 5374 tionem
2157 5334 2170 5346 ·
2203 5315 2454 5379 altitudo,
2503 5323 2558 5368 et
2611 5315 2850 5380 laminae,
2889 5321 2944 5369 et
2978 5313 3272 5383 sculptura:
3303 5325 3499 5366 omnes

239 5420 547 5491 ἔμπροσθεν
590 5418 684 5472 τοῦ
714 5417 1185 5490 χρηματιστηρίου
1216 5423 1263 5471 κ’
1290 5415 1480 5488 πηχῶν
1518 5415 1691 5487 μῆκος
1710 5452 1724 5476 ,
1775 5412 1826 5466 κ’

1927 5409 2183 5473 cedrium,
2215 5422 2322 5461 non
2353 5406 2650 5475 apparebat
2687 5405 2826 5474 lapis
2855 5423 2867 5459 :
2897 5412 2952 5460 et
2974 5403 3256 5460 oraculum
3294 5403 3348 5455 in
3384 5415 3503 5455 me-

237 5512 297 5565 δὲ
321 5511 508 5582 πηχῶν
535 5511 760 5574 πλάτος,
792 5511 889 5563 καὶ
911 5515 956 5563 κ’
985 5508 1174 5579 πηχῶν
1200 5507 1353 5577 ὕψος,
1385 5507 1479 5560 καὶ
1509 5505 1823 5578 περιεπήλι-

1928 5503 2018 5558 dio
2049 5502 2241 5555 domus
2275 5497 2551 5552 interioris
2580 5496 2812 5567 paravit,
2851 5503 2911 5551 ut
2935 5503 3228 5565 poneretur
3261 5494 3333 5549 ibi
3371 5507 3501 5549 arca

242 5620 334 5656 σεν
356 5603 483 5657 αὐτὸ
529 5601 744 5676 χρυσίῳ
779 5601 1028 5671 δοκιμίῳ.
1082 5603 1158 5653 0'.
1191 5600 1299 5653 Καὶ
1363 5604 1413 5668 μ’
1439 5593 1506 5669 ἦν
1553 5603 1774 5666 πήχεων
1795 5597 1822 5648 ὁ

1929 5590 2241 5650 testamenti
2274 5588 2508 5647 Domini.
2561 5598 2614 5644 ct
2649 5598 2775 5644 ante
2828 5588 3136 5652 oraculum,
3165 5585 3259 5640 KX
3291 5586 3513 5642 cubito-

241 5691 384 5758 οἶκος
403 5697 584 5759 αὐτὸς,
615 5697 645 5748 ὁ
669 5693 801 5755 ναὸς
836 5693 864 5743 ὁ
892 5691 1180 5756 ὲσώτατος,
1219 5689 1312 5745 καὶ
1346 5689 1432 5743 διὰ
1467 5689 1656 5759 κέδρου
1687 5687 1822 5756 πρὸς

1929 5702 2048 5742 rum
2113 5681 2418 5753 longitudo,
2445 5678 2542 5733 XX
2598 5679 2908 5735 cubitorum
2945 5679 3192 5743 latitudo,
3228 5686 3281 5730 ct
3315 5678 3511 5744 viginti

244 5787 328 5846 τὺν
353 5783 496 5843 οἶκον
523 5787 636 5842 ἔσω
662 5782 894 5855 πλοκὴν,
938 5784 1321 5846 ἐπανάστασις,
1359 5781 1450 5835 καὶ
1480 5776 1685 5833 πέταλα
1733 5779 1823 5832 καὶ

1932 5778 2239 5834 cubitorum
2273 5771 2521 5836 altitudo,
2567 5779 2620 5826 et
2651 5769 3037 5826 circumlinivit
3073 5767 3201 5824 illud
3229 5783 3363 5826 auro
3399 5784 3510 5835 pru-
