4020 6302
277 482 372 538 173

595 701 1008 761 ΣΥΜΜΑΧΟΣ.

345 863 534 946 1ρ.Τδ
591 863 964 946 σξέικρότατόν
1017 881 1119 946 μου
1162 865 1321 946 μέλῆς

1462 491 1590 548 LIB.
1634 494 1700 549 III
1741 495 1982 552 REGUM
2019 495 2250 552 CAPUT
2290 497 2432 552 XIV.

1364 603 1618 666 CAPUT
1680 609 1800 668 XII
1861 610 2008 670 LIB.
2071 611 2157 668 III
2209 609 2510 669 REGUM.

3437 500 3528 552 ΠΙ

273 935 574 1003 παχύτερον
603 935 716 1002 τῆς
743 935 943 1003 ὀσφύος
984 935 1080 988 τοῦ
1115 935 1322 1004 πατρός
1393 936 1492 1005 τῆς
1523 935 1726 1005 emptio};
1760 935 1854 992 τοῦ
1880 935 2086 1011 πατρός
2122 935 2246 1012 μουξ

279 1020 398 1073 μου.

581 1167 1032 1224 SYHMACIIUS.

343 1260 428 1313 to.
463 1258 758 1313 Minimum
791 1261 1092 1314 membrum
1143 1275 1322 1316 meum

275 1331 516 1398 grossius
541 1339 632 1383 est
659 1331 848 1385 lumbo
873 1330 1044 1398 patris
1071 1331 1200 1386 mei.
1397 1333 1564 1400 patris
1593 1333 1716 1386 mei.

1571 1169 1711 1224 LXX
1749 1169 1816 1226 ΙΝ
1821 1171 2250 1231 TERPRETES.

1465 1261 1550 1314 10.
1586 1262 1828 1319 Parvitas
1853 1280 1968 1319 mea
1991 1269 2226 1322 crassior
2247 1268 2432 1326 lumbo

2821 711 3217 766 @EOAOTIQN.

1465 867 1549 950 I0:
1594 866 1660 950 'H_
1691 871 1953 950 μικρρτης
2008 890 2108 950 μου
2154 873 2433 944 παχυτέρα
2581 875 2664 932 10.

2829 1177 3244 1234 rl'IiEODO'I‘IO.

2571 1271 2659 1364 30.

1817 1562 1993 1626 Nota.

287 1675 520 1734 sumptas
551 1661 904 1720 exhibemus.

1337 1847 1586 1910 CAPUT
1637 1847 1787 1908 XIII
1847 1846 1992 1908 LIB.
2023 1861 2026 1866 '
2057 1846 2142 1907 III
2177 1845 2476 1910 REGUM.

295 1967 406 2019 ριος
433 1949 514 2018 τῷ
534 1950 742 2014 λέοντι,
781 1951 874 2004 καὶ
897 1949 1210 2020 συνέτριψεν
1239 1949 1404 2004 αὐτὸν
1421 1991 1436 2015 ,
1479 1951 1574 2002 καὶ
1601 1950 1870 2003 ἐθανάτω-

287 2057 372 2094 σεν
405 2041 592 2104 αὐτὸν,
647 2041 792 2094 κατὰ
826 2042 886 2094 τὸ
919 2041 1069 2111 ῥῆμα
1097 2040 1322 2111 Κυρίου,
1354 2040 1384 2092 ὃ
1415 2039 1674 2111 ἐλάλησεν
1697 2039 1866 2108 αὐτῷ.

1979 1948 2213 2004 Sternite
2243 1951 2374 2004 mihi
2402 1951 2622 2006 asinum
2651 1969 2665 2005 :
2699 1964 2752 2008 et
2801 1961 3128 2007 straverunt.
3161 1953 3282 2009 Vul.
3320 1957 3385 2008 tit
3419 1962 3532 2009 tra-

1975 2039 2254 2094 diditeum
2293 2040 2557 2097 Dominus
2579 2041 2750 2107 leoni,
2798 2051 2854 2097 et
2889 2042 3159 2112 confregit
3192 2059 3336 2110 eum,
3359 2053 3414 2099 et
3441 2061 3535 2101 oc-

283 2131 390 2183 Ka’t
423 2130 668 2200 ἐλάλησε
711 2130 849 2201 πρὸς
884 2131 1032 2195 υἱοὺς
1077 2129 1260 2186 αὑτοῦ.
1310 2130 1628 2194 Ἐπισὰξατέ
1663 2148 1752 2201 μοι
1781 2130 1855 2184 τοι

1969 2128 2110 2215 cidit
2133 2145 2282 2194 eum,
2309 2133 2460 2200 iuxta
2483 2133 2710 2188 verbum
2749 2133 2988 2200 Domini,
3033 2133 3180 2202 quod
3213 2135 3427 2192 loeutus
3449 2149 3531 2190 est

285 2219 422 2274 δνον.
449 2220 564 2272 Καὶ
592 2218 892 2284 ὲπέσαξαν.

1968 2221 2037 2273 ei.
2071 2220 2320 2289 Dixitque
2368 2223 2434 2277 ad
2464 2221 2604 2278 ﬁlios
2637 2238 2789 2288 suos,
2839 2222 3074 2279 Sternite
3100 2225 3230 2279 mihi
3263 2227 3499 2281 asinum.

1969 2315 2074 2381 Qui
2105 2332 2227 2372 cum
2263 2318 2604 2375 stravissent.

1803 2433 1988 2495 Nota.

282 2527 662 2585 desumuntur.

1359 2709 1611 2772 CAPUT
1655 2711 1980 2786 XIV_LIB.
2042 2717 2130 2776 III
2160 2713 2462 2776 REGUM.

285 2811 598 2882 ὴρῤὡστησε
627 2811 688 2863 τὺ
716 2813 997 2884 παιδάριον
1039 2811 1341 2883 ’ῐεροϐοὰμ,
1376 2812 1472 2864 καὶ
1510 2813 1663 2882 Ἀχιὰ
1701 2809 1769 2884 ἦν
1804 2815 1861 2866 ἐν

281 2898 448 2968 -Σηλὼ,
481 2899 604 2962 υἱὸς
635 2899 676 2964 ξ’
718 2899 878 2964 ἐτῶν,
909 2901 1003 2954 καὶ
1059 2901 1210 2972 ῥῆμα
1257 2901 1464 2972 Κυρίου
1503 2902 1622 2971 μετ’
1652 2903 1815 2956 αὐτοῦ
1846 2921 1859 2934 θ

289 2990 370 3041 καὶ
394 2991 421 3040 ὀ
451 2988 747 3059 ἄνθρωπος
796 2990 1184 3062 πρεσϐύτερος,
1235 2991 1326 3044 καὶ
1373 2992 1642 3063 ὀφθαλμοὶ
1695 2995 1861 3048 αὑτοῦ

287 3079 670 3148 ἡμόλυὼπουν.

291 3297 351 3362 Χ
381 3295 701 3365 βασιλεῦσαι
728 3297 820 3350 ἐπὶ
845 3297 936 3351 τὸν
955 3297 1082 3352 λαὸν
1105 3295 1314 3353 τοῦτον.
1347 3300 1594 3366 ¹Ἄλλως,
1625 3303 1718 3355 καὶ
1743 3297 1864 3356 εἷπε

289 3387 412 3458 πρὸς
449 3388 594 3442 ’Λνὼ
615 3391 714 3460 τὴν
757 3391 987 3458 γυναῖκα
1023 3387 1188 3443 αὐτοῦ
1211 3407 1224 3420 ο
1271 3391 1587 3463 Ἀνάστηθι,
1608 3394 1859 3464 πορεύου,

283 3477 628 3550 ἐπερώτησον
654 3481 746 3533 τὸν
777 3479 907 3534 Θεὸν
942 3483 1069 3552 περὶ
1102 3481 1194 3533 τοῦ
1225 3481 1532 3552 παιδαρίου,
1565 3483 1613 3536 εἰ
1639 3484 1863 3554 ζήσεται

292 3569 452 3640 ἰκτῆς
473 3571 790 3640 ἀρρωστίας
813 3571 996 3626 αὐτοῦ.
1027 3573 1138 3626 Καὶ
1157 3572 1440 3644 ἄνθρωπος
1466 3570 1534 3643 ἦν
1559 3577 1616 3628 ὲν
1635 3575 1854 3646 Σηλὼμ,

289 3661 376 3715 καὶ
403 3661 573 3733 ὄνομα
607 3662 753 3732 αὐτῷ
793 3662 964 3732 Ἀχιὰ,
1001 3665 1094 3716 καὶ
1125 3657 1278 3724 οὗτος
1317 3659 1384 3734 ἦν
1437 3665 1546 3728 υἱὸς
1589 3666 1852 3736 ἐξήκοντα

293 3753 435 3818 ἑτῶν,
465 3755 562 3808 καὶ
598 3755 748 3824 ῥῆμα
773 3754 978 3824 Κυρίου
1005 3755 1123 3826 μετ’
1155 3753 1340 3808 αὐτοῦ.

1967 2817 2156 2885 Aliter,
2187 2829 2240 2874 et
2269 2817 2548 2888 :egrotavit
2573 2829 2706 2883 puer
2733 2813 3043 2882 Jcro‘boam,
3068 2816 3304 2870 etAcliia
3334 2816 3526 2870 eratin

1969 2911 2115 2976 Sclo,
2154 2912 2298 2966 ﬁlius
2329 2907 2609 2976 sexaginta
2651 2921 2943 2970 annorum,
2982 2907 3285 2960 etverbum
3315 2905 3526 2960 Domini

1963 3021 2088 3060 cum
2117 3019 2190 3058 eo
2218 3019 2232 3054 :
2259 3011 2312 3056 et
2348 3002 2514 3054 homo
2545 2998 2750 3062 senior,
2794 3006 2846 3050 et
2873 2998 3014 3052 oculi
3053 2999 3172 3068 ejus
3199 2999 3524 3069 caligabant.

1974 3095 2128 3166 Vulg.
2177 3095 2238 3146 In
2291 3103 2534 3160 tempore
2581 3087 2678 3142 illo
2705 3091 2985 3156 mgrotavit
3021 3089 3155 3144 Aliia
3197 3091 3338 3146 ﬁlius
3386 3089 3528 3144 Jeru-

1961 3188 2140 3244 beam.

1964 3303 2156 3371 Aliter,
2186 3311 2238 3357 et
2265 3303 2401 3358 dixit
2435 3302 2500 3356 ad
2530 3303 2648 3355 Ano
2677 3313 2902 3354 uxorem
2939 3313 3093 3351 suam
3117 3316 3130 3350 :
3151 3295 3342 3366 Surge,
3365 3297 3524 3361 vade,

1962 3397 2234 3466 interroga
2265 3393 2430 3448 Deum
2487 3393 2630 3447 circa
2665 3405 2916 3460 puerum,
2961 3389 3006 3443 si
3038 3389 3176 3443 vivet
3204 3405 3269 3442 ex
3305 3389 3526 3442 inﬁrmi-

1961 3497 2067 3543 tate
2107 3504 2224 3543 sua.
2267 3486 2332 3540 Et
2373 3486 2546 3540 homo
2578 3494 2696 3538 erat
2754 3486 2807 3538 in
2866 3483 3073 3548 Soloni,
3135 3491 3189 3534 et
3243 3495 3440 3534 nomen
3476 3481 3524 3534 ei

1963 3582 2156 3643 Aeliia,
2194 3589 2248 3634 et
2273 3580 2360 3634 hic
2385 3586 2504 3632 erat
2527 3578 2669 3632 tilius
2703 3576 2980 3645 sexaginta
3011 3587 3299 3636 annorum,
3331 3581 3386 3625 et
3407 3587 3526 3625 ver-

1961 3671 2088 3724 bum
2149 3665 2364 3720 Domini
2405 3681 2530 3720 cum
2584 3681 2668 3720 eo.
2723 3663 2872 3733 Vulg.
2945 3661 3194 3730 Dixitque
3237 3659 3524 3714 Jerolioam

1962 3759 2117 3814 uxori
2146 3773 2258 3814 suae
2283 3777 2295 3810 :
2339 3759 2530 3827 Surge,
2557 3765 2610 3810 et
2638 3762 2913 3810 commuta
2939 3753 3205 3816 habitum,
3231 3768 3296 3805 ne
3326 3768 3526 3821 cogno-

1959 3851 2132 3908 searis
2180 3849 2324 3918 quod
2360 3849 2436 3903 sis
2467 3862 2603 3902 uxor
2631 3843 2920 3899 Jeroboam
2955 3862 2966 3897 :
3012 3853 3065 3896 et
3112 3843 3247 3896 vade
3279 3841 3340 3896 in
3369 3839 3521 3908 Silo,

295 3950 376 4002 ubi
401 3959 477 4006 est
505 3949 680 4005 Aliias
711 3950 994 4020 propheta,
1025 3950 1118 4019 qui
1158 3951 1370 4004 locutus
1396 3957 1478 4004 est
1517 3949 1670 4012 mihi,
1696 3948 1841 4017 quod
1885 3953 2206 4016 regnaturus
2235 3955 2409 3995 essem
2441 3952 2604 4008 super
2627 3935 2883 4007 populum
2916 3935 3082 3988 hunc.

297 4063 356 4128 Χ
383 4061 541 4126 αὐτὸς
569 4063 858 4130 ἀναγγελεῖ
912 4062 1066 4114 σοιτί
1088 4061 1238 4116 ἔσται
1264 4061 1342 4132 τῷ
1363 4062 1580 4133 παιδίῳ.
1607 4062 1852 4127 Ἄλλως,

295 4153 378 4204 καὶ
403 4150 555 4206 εἶπεν
597 4153 879 4226 Ἱεροόοὰμ
903 4153 1038 4225 πρὸς
1059 4155 1158 4224 τὴν
1186 4157 1416 4221 γυναῖκα
1446 4153 1610 4208 αὐτοῦ
1633 4169 1648 4183 ο
1697 4153 1854 4206 Ἀνά-

293 4241 456 4312 στηθι,
497 4241 594 4294 καὶ
623 4241 754 4294 λάϐε
781 4243 862 4302 εἰς
884 4240 983 4312 τὴν
1009 4240 1168 4311 χεῖρά
1207 4255 1300 4293 σου
1337 4239 1414 4310 τῷ
1449 4238 1718 4311 ἀνθρώπῳ
1759 4235 1854 4289 τοῦ

295 4330 412 4383 Θεοῦ
439 4333 662 4403 ἄρτους,
709 4332 802 4384 καὶ
849 4331 1108 4402 κολλύρια.
1145 4334 1256 4394 τοῖς
1286 4331 1498 4395 τέκνοις
1520 4328 1684 4385 αὑτοῦ
1704 4347 1716 4360 '
1760 4329 1854 4383 καὶ

297 4422 557 4494 σταφυλὴν
585 4421 678 4475 καὶ
702 4421 934 4494 στάμνον
967 4421 1200 4494 μέλιτος.

297 4623 356 4688 Χ
390 4623 474 4691 μοὶ
497 4622 661 4676 αὑτοῦ
711 4621 818 4674 ἀπὸ
855 4621 946 4676 τοῦ
985 4623 1166 4694 γήρως
1215 4621 1402 4676 αὐτοῦ.
1459 4623 1712 4690 Ἄλλως,
1762 4625 1854 4676 καὶ

299 4712 478 4784 ἀνέστη
507 4716 540 4783 ὴ
564 4714 724 4784 γυνὴ,
748 4712 842 4766 καὶ
867 4712 1054 4766 ἐλαϐεν
1093 4715 1172 4776 εἰς
1211 4713 1309 4782 τὴν
1358 4713 1513 4784 χεῖρα
1541 4714 1711 4783 αὐτῆς
1757 4715 1854 4785 ἆρ-

295 4816 408 4864 τους
437 4803 644 4856 καὶδύο
670 4801 926 4871 κολλύρια
953 4843 969 4866 ,
1011 4802 1104 4854 καὶ
1161 4801 1454 4872 σταφυλὴν,
1493 4803 1584 4854 καὶ
1620 4804 1851 4873 στάμνον

302 4891 498 4958 μέλιτος
523 4895 602 4963 τῷ
629 4893 804 4962 Ἀχιά.
833 4891 943 4944 Καὶ
973 4893 1001 4944 ὁ
1039 4892 1324 4962 ἄνθρωπος
1349 4891 1735 4962 πρεσϐύτερος,
1762 4894 1852 4945 καὶ

293 4983 341 5034 οἱ
363 4983 622 5053 ὀφθαλμοὶ
651 4983 814 5036 αὑτοῦ
835 4981 1203 5053 ἠμϐλυὼπουν
1221 4981 1314 5036 τοῦ
1342 4982 1486 5036 ἰδεῖν.
1520 4983 1629 5036 Καὶ
1654 4983 1852 5052 ἀνέστη

297 5073 356 5124 ὲκ
379 5074 602 5145 Σαριρὰ,
633 5073 728 5126 καὶ
757 5073 1068 5144 πορεύεται.

293 5300 352 5366 Χ
381 5297 470 5352 καὶ
493 5297 634 5351 κατὰ
656 5295 813 5349 τοῦτο
847 5295 1098 5366 λαλήσεις
1120 5295 1252 5366 πρὸς
1275 5297 1461 5366 αὐτήν.
1493 5297 1603 5349 και
1629 5298 1849 5365 ἐγένετο

293 5393 350 5457 )9:
381 5394 434 5443 ἐν
458 5389 536 5462 τῷ
573 5385 914 5460 εἰσέρχεσθαι
947 5389 1136 5458 αὐτὴν,
1188 5387 1280 5439 καὶ
1329 5387 1468 5458 αὑτὴ
1503 5385 1846 5452 ἀπεξενοῦτο.

295 5481 504 5547 Ἄλλως
531 5521 546 5546 ,
577 5480 674 5533 καὶ
709 5479 923 5546 ἐγένετο
955 5477 1212 5548 ἐλθούσης
1243 5477 1411 5548 αὐτῆς
1448 5479 1526 5542 εἰς
1567 5480 1664 5549 τὴν
1699 5465 1851 5532 πόλιν

287 5573 410 5640 πρὸς
455 5572 613 5642 Ἀχιὰ
643 5571 735 5624 τὸν
765 5569 1091 5642 Σηλωνίτην,
1117 5569 1210 5622 καὶ¹
1233 5567 1385 5622 εἶπεν
1442 5569 1594 5638 ’Λχιὰ
1622 5567 1698 5638 τῷ
1736 5585 1854 5621 παι-

288 5659 441 5733 δαρίῳ
472 5661 662 5724 αὐτοῦ,
679 5659 898 5726 Ἔξελθε
919 5660 981 5732 δὴ
1009 5661 1087 5722 εἰς
1109 5660 1350 5730 ἁπαντὴν
1386 5659 1521 5712 Ἀνὼ
1549 5663 1614 5730 τῇ
1631 5661 1848 5728 γυναικὶ

299 5752 588 5824 ’ῐεροϐοὰμ,
617 5751 711 5804 καὶ
742 5753 886 5822 ὲρεῖς
909 5751 1073 5820 αὐτῇ·
1105 5747 1326 5801 Εἵσελθε
1357 5749 1449 5800 καὶ
1485 5749 1560 5819 μὴ
1590 5751 1739 5819 στῇς.

1958 4057 2023 4110 ad
2050 4069 2272 4111 uxorem
2324 4068 2516 4109 suam:
2571 4051 2764 4122 Surge,
2815 4057 2869 4104 et
2921 4049 3104 4117 accipe
3131 4049 3184 4102 i
3229 4061 3396 4102 manu
3431 4055 3520 4100 tua

1958 4147 2166 4201 homini
2197 4145 2288 4199 Dei
2317 4159 2506 4214 panes,
2531 4154 2584 4198 et
2611 4142 2905 4212 eollyridas
2931 4141 3058 4195 ﬁliis
3082 4139 3222 4209 ejus,
3260 4147 3314 4192 et
3339 4153 3522 4205 uvam,

1955 4249 2010 4295 et.
2035 4255 2130 4294 vas
2151 4239 2345 4293 mel-lis.
2395 4237 2548 4307 Vulg.
2578 4236 2732 4290 Tolle
2762 4249 2983 4304 quoque
3017 4234 3071 4288 in
3125 4247 3291 4286 manu
3319 4239 3414 4285 tua
3437 4232 3503 4285 de

1951 4348 2069 4387 cem
2099 4347 2286 4402 panes,
2313 4339 2368 4388 et
2391 4330 2714 4392 crustulam,
2746 4335 2799 4383 et
2829 4343 2928 4382 vas
2981 4326 3178 4390 mellis,
3211 4334 3266 4379 et
3291 4325 3425 4379 vade
3453 4324 3520 4377 ad

1956 4423 2156 4478 illum:
2219 4423 2334 4492 ipse
2382 4423 2526 4475 enim
2561 4419 2822 4475 indicabit
2869 4419 2988 4486 tibi,
3037 4417 3168 4488 quid
3197 4425 3518 4472 eventurum

1953 4517 2024 4572 sit
2056 4533 2222 4586 puero
2251 4516 2395 4570 huic.

1959 4629 2060 4698 psit
2087 4629 2139 4682 in
2173 4644 2336 4684 manu
2366 4642 2464 4682 sua
2493 4641 2682 4696 panes,
2705 4623 3230 4695 etduas'collyridas,
3257 4633 3308 4678 et
3333 4638 3518 4687 uvam,

1957 4727 2010 4774 ct
2041 4735 2134 4774 vas
2165 4719 2341 4773 mellis
2377 4718 2479 4788 ipsi
2532 4717 2704 4772 Achia
2730 4736 2742 4770 :
2779 4725 2833 4772 et
2863 4718 3027 4769 homo
3055 4715 3256 4782 senior,
3292 4725 3344 4768 et
3373 4715 3518 4770 oculi

1957 4813 2074 4880 ejus
2101 4810 2409 4882 caligabant
2436 4809 2500 4864 ad
2531 4809 2843 4864 videndum.
2871 4807 2936 4860 Et
2961 4805 3195 4861 surrexit
3221 4806 3286 4860 de
3310 4805 3515 4870 Sarira,

1952 4914 2006 4959 et.
2033 4903 2197 4958 vadit.
2233 4901 2382 4972 Vulg.
2399 4900 2564 4967 Fecit,
2591 4909 2650 4954 ut
2675 4901 2902 4960 dixerat,
2938 4915 3074 4952 uxor
3103 4898 3389 4953 Jcroboam
3421 4916 3432 4950 :
3467 4908 3519 4952 et

1953 5009 2292 5066 consurgens
2317 4993 2450 5048 abiit
2476 4993 2528 5046 in
2555 4991 2688 5055 Silo,
2725 5003 2778 5046 et
2807 4993 2954 5046 venit
2983 4992 3036 5044 in
3066 4993 3287 5046 domum
3313 4990 3463 5043 Aliiue
3499 5009 3512 5042 ε

1953 5097 2007 5142 at
2031 5088 2122 5142 ille
2147 5103 2252 5140 non
2287 5093 2498 5156 poterat
2539 5085 2744 5148 videre,
2790 5084 2917 5153 quia
2953 5083 3320 5153 caligaveraut
3373 5082 3514 5136 oculi

1943 5180 2064 5248 ejus
2097 5194 2204 5248 pra:
2232 5185 2532 5232 senectute.

1949 5298 2015 5362 >κ
2069 5297 2276 5362 grinam
2329 5293 2640 5348 simulabat.
2713 5289 2910 5355 Aliter,
2954 5298 3007 5343 et
3059 5287 3258 5344 factum
3310 5299 3392 5343 est
3435 5291 3517 5342 in-

1948 5387 2222 5455 grediente
2283 5385 2399 5456 ipsa
2452 5387 2506 5440 in
2561 5385 2748 5440 urbem
2778 5383 2844 5437 ad
2882 5383 3046 5435 Aeliin
3097 5380 3423 5446 Selonitem,
3461 5389 3508 5432 et

1955 5472 2090 5526 dixit
2111 5471 2280 5526 Achia
2310 5487 2478 5542 puero
2505 5488 2628 5534 suo,
2665 5471 2934 5543 Egredere
2975 5472 3027 5524 in
3072 5487 3363 5525 occursum
3395 5469 3513 5525 Λιιο

1955 5565 2107 5620 uxori
2127 5563 2440 5629 Jeroboam,
2465 5572 2519 5620 et
2539 5563 2686 5619 dices
2717 5563 2819 5634 ipsi
2843 5582 2856 5616 :
2884 5563 3190 5634 Ingredere,
3222 5571 3276 5616 et
3305 5578 3372 5616 ne
3408 5575 3506 5616 ste-

1953 5659 2099 5714 teris.
2152 5655 2268 5710 νηί.
2326 5655 2470 5710 Dixit
2495 5664 2676 5718 autem
2735 5655 2994 5710 Dominus
3039 5655 3103 5708 ad
3133 5654 3347 5718 Alliam,
3377 5653 3516 5708 Ecce

1956 5764 2086 5801 uxor
2115 5747 2403 5803 Jeroboam
2460 5747 2782 5818 ingreditur,
2827 5755 2886 5799 ut
2939 5745 3186 5800 emisulat
3240 5754 3290 5798 te
3344 5759 3512 5812 super

291 5845 388 5900 ﬁlio
416 5861 536 5913 suo,
570 5845 664 5915 qui
713 5843 1128 5914 aegrotatphaec
1177 5850 1230 5898 et
1261 5843 1376 5898 tunc
1420 5842 1658 5912 loqueris
1689 5843 1756 5898 ei.
1792 5843 1926 5898 Cum
1954 5860 2083 5913 ergo
2123 5845 2210 5898 illa
2240 5845 2480 5912 intraret,
2514 5854 2567 5898 et
2597 5843 2965 5899 dissimularet
2997 5857 3052 5896 se
3083 5855 3202 5895 esse
3226 5853 3345 5907 quae
3374 5845 3508 5893 erat.
