4020 6302
269 282 384 336 ΓΠ

267 376 352 440 Χ
379 371 540 426 νοῦσα
565 387 580 435 ;
617 371 714 424 καὶ
745 368 857 439 ὲγώ
883 371 996 441 εἰμι
1019 370 1312 433 ἀπόστολος
1345 371 1481 443 πρὸς
1518 372 1576 424 σὲ
1607 370 1859 442 σκληρός,

267 467 534 530 Ἄλεως,
569 464 652 516 ὅτι
677 464 809 516 τάδε
838 463 986 530 λέγει
1023 461 1245 534 Κύριος,
1267 463 1484 533 Σκληρὰ
1508 461 1618 530 ἐγὼ
1653 465 1862 515 ἐπαπο-

263 557 486 611 στέλλω
513 558 604 609 ἐπὶ
631 556 712 609 σέ.
747 555 862 609 Καὶ
890 554 1132 624 εἰσῆλθεν
1165 551 1302 606 Ἀνὼ
1335 554 1471 623 πρὸς
1508 553 1600 606 τὸν
1652 553 1863 624 ἄνθρω-

263 663 382 704 των
413 649 502 702 τοῦ
531 646 692 711 Θεοῦ,
721 647 822 701 καὶ
853 641 1006 699 εἴπεν
1035 647 1172 715 αὐτῇ
1209 645 1382 715 Ἀχιὰ,
1414 643 1578 697 Ἰνατί
1605 643 1862 715 ἐνήνοχὰς

267 759 372 810 μοι
408 743 623 812 ἄρτους,
649 739 746 796 καὶ
774 737 1068 808 σταφυλὴν,
1094 737 1187 791 καὶ
1207 737 1486 809 κολλύρια,
1505 735 1600 790 καὶ
1625 735 1861 806 στάμνον

267 831 502 900 μέλιτος
519 847 534 895 ;

267 1073 348 1137 Χ
379 1069 552 1141 ϐοάμ·
595 1069 736 1123 Τάδε
775 1069 921 1138 λέγει
962 1069 1164 1140 Κύριος
1192 1071 1219 1123 ὁ
1256 1071 1387 1134 Θεδς
1423 1069 1670 1144 Ἰσραήλ·
1717 1071 1856 1123 Ἀνθ’

269 1163 348 1228 Χ
379 1157 440 1215 οὗ
470 1162 593 1214 ὅσον
625 1161 816 1230 ὕψωσά
844 1177 903 1214 σε
933 1162 1038 1214 ἀπὸ
1075 1162 1240 1232 μέσου
1267 1161 1360 1215 τοῦ
1383 1163 1534 1226 λαοῦ,
1558 1163 1650 1216 καὶ
1679 1161 1856 1215 ἔδωκά

269 1255 348 1320 Χ
383 1269 444 1305 σε
471 1252 772 1324 ἡγούμενον
803 1253 895 1306 ἐπὶ
921 1252 1010 1306 τὸν
1033 1254 1162 1306 λαὸν
1201 1254 1436 1325 Ἰσραήλ.

1416 279 1544 334 LIB.
1589 279 1656 334 111
1713 279 1954 336 REGUM
1991 282 2222 339 CAPUT
2263 285 2402 342 XIV.

3429 288 3529 344 178

1967 375 2112 430 Dura
2134 392 2233 447 ego
2265 377 2499 430 immitto
2528 391 2692 447 super
2719 386 2788 432 tc.
2837 377 2904 434 Et
2933 379 3175 450 ingressa
3213 389 3296 437 est
3323 381 3440 434 Ano
3463 382 3528 434 ad

1965 466 2242 521 hominem
2299 467 2414 533 Dei,
2447 476 2502 521 et
2531 468 2670 522 dixit
2700 469 2750 522 ei
2785 467 2956 522 Acltia
2983 489 2995 523 :
3030 468 3101 525 Ut
3124 471 3253 540 quid
3303 470 3530 524 attulisti

1966 556 2098 609 mihi
2129 573 2297 626 panes
2347 566 2401 611 et
2451 572 2634 622 uvam,
2665 565 2720 612 et
2747 558 3061 628 collyridas,
3098 570 3152 614 et
3175 577 3270 615 vas
3305 560 3480 613 mellis
3509 560 3531 611 ?

1974 644 2093 699 Vul.
2119 645 2342 700 Audivit
2379 645 2546 699 Altias
2593 647 2829 700 sonitum
2864 647 3060 716 pedum
3094 647 3212 716 ejus
3249 648 3529 702 introeun-

1963 735 2032 791 tis
2063 751 2159 805 per
2187 735 2412 800 ostium,
2445 744 2499 790 et
2522 737 2596 790 ait
2629 755 2643 791 :
2679 735 2984 808 Ingredere,
3019 753 3159 791 uxor
3190 737 3478 793 Jeroboam
3513 758 3526 792 :

1962 841 2132 895 quare
2161 825 2324 880 aliam
2379 834 2430 882 te
2488 841 2608 882 esse
2666 826 2933 882 simulas?
2980 843 3079 898 ego
3113 836 3294 882 autem
3325 833 3530 884 missus

1961 929 2082 970 sum
2114 913 2179 968 ad
2211 923 2264 970 te
2291 914 2464 970 durus
2499 915 2742 970 nuntius.

1965 1075 2034 1142 Χ
2063 1071 2232 1126 extuli
2269 1081 2321 1129 te
2345 1087 2376 1128 e
2409 1072 2586 1126 medio
2620 1071 2824 1140 populi,
2855 1077 2908 1125 et
2932 1072 3052 1132 dedi
3093 1081 3142 1126 te
3192 1072 3385 1126 ducem
3438 1089 3529 1126 su-

1963 1167 2029 1232 ):(
2060 1179 2154 1234 per
2175 1165 2432 1234 populum
2455 1164 2640 1218 lsrael.
2679 1163 2794 1217 Vul.
2829 1161 2995 1228 Vade,
3022 1173 3073 1216 et
3096 1163 3180 1216 die
3205 1163 3526 1217 Jcroboam:
3635 1183 3639 1186 λ

1962 1252 2084 1306 [huc
2107 1254 2237 1307 dicit
2273 1253 2532 1308 Dominus
2574 1252 2718 1307 Deus
2744 1251 2940 1308 Israel:
2974 1251 3108 1318 Quia
3131 1254 3360 1308 exaltavi
3392 1265 3441 1308 te
3465 1255 3530 1307 de
3626 1289 3632 1295 -

267 1347 466 1402 medio
491 1347 696 1417 populi,
731 1356 788 1404 et
827 1348 950 1404 dedi
1006 1361 1059 1402 te
1114 1349 1310 1404 ducem
1365 1365 1530 1418 super
1587 1347 1844 1418 pepulum
1885 1363 2069 1402 meum
2105 1348 2290 1402 Israel.

271 1507 350 1572 Χ
375 1502 549 1556 ἔδωκα
575 1503 706 1556 αὑτό
738 1519 840 1566 σοι,
889 1503 984 1556 καὶ
1028 1502 1126 1555 οὐκ
1173 1503 1357 1571 ἐγένου
1403 1501 1478 1566 ὡς
1533 1501 1714 1564 δοῦλός
1750 1519 1850 1571 μου

276 1601 354 1664 Χ
388 1596 566 1660 Δαυὶδ,
604 1595 664 1658 ὃς
695 1593 928 1664 ἐφύλαξε
953 1595 1048 1657 τὰς
1073 1595 1291 1657 ἐντολάς
1329 1611 1430 1665 μου
1450 1633 1464 1657 ,
1501 1595 1594 1647 καὶ
1635 1593 1692 1656 ὃς
1724 1595 1851 1647 ὲπο-

271 1690 354 1755 Χ
385 1687 549 1758 ρεύθη
579 1685 751 1739 ὀπίσω
789 1702 887 1754 μου
918 1687 974 1738 ἐν
1009 1685 1160 1756 πάσῃ
1193 1683 1392 1754 καρδίᾳ
1417 1681 1582 1736 αὑτοῦ
1608 1683 1699 1735 τοῦ
1733 1699 1852 1735 ποι-

269 1780 348 1847 Χ
380 1781 510 1848 ἧσαι
527 1777 588 1830 τὸ
627 1775 782 1839 εύθὲς
805 1777 864 1828 ἐν
888 1775 1181 1845 ὀφθαλμοῖς
1216 1793 1336 1844 μου.

1961 1505 2027 1570 >ξ<
2060 1509 2119 1556 ut
2171 1515 2361 1556 servus
2404 1516 2558 1556 meus
2609 1500 2799 1568 David,
2839 1501 3250 1572 quivcustodivit
3279 1501 3531 1556 mandata

1963 1594 2029 1658 Χ
2059 1605 2200 1654 mea,
2223 1599 2276 1645 et
2309 1592 2400 1660 qui
2420 1591 2712 1646 ambulavit
2739 1603 2859 1661 post
2883 1607 2968 1647 me
2995 1593 3046 1646 in
3082 1601 3194 1647 toto
3223 1594 3384 1648 corde
3409 1609 3527 1655 suo,

1963 1685 2028 1750 Χ
2062 1681 2312 1738 faciendo
2347 1691 2559 1739 rectum
2591 1685 2643 1737 in
2687 1685 2860 1740 oculis
2890 1685 3046 1738 meis.
3107 1684 3258 1754 Vulg.
3289 1685 3355 1738 Et
3397 1686 3530 1740 scidi

1964 1787 2188 1842 regnum
2227 1775 2424 1830 domus
2460 1775 2625 1829 David
2683 1785 2736 1830 et
2786 1775 2906 1830 dedi
2947 1776 3076 1829 illud
3131 1776 3257 1839 tibi,
3324 1783 3377 1829 et
3424 1792 3528 1829 non

273 1871 434 1928 fuisti
466 1873 604 1927 sicut
623 1887 814 1928 servus
849 1886 1004 1926 meus
1031 1869 1221 1935 David,
1245 1871 1337 1940 qui
1367 1869 1662 1925 custodivit
1714 1869 1965 1925 mandata
2017 1885 2156 1936 mea,
2197 1880 2249 1925 et
2271 1881 2488 1926 secutus
2514 1879 2599 1927 est
2635 1885 2721 1926 me
2745 1871 2800 1924 in
2833 1873 2954 1926 toto"
2974 1871 3136 1926 corde
3171 1885 3291 1936 suo,
3327 1869 3532 1924 faciens

271 1965 430 2032 quod
453 1963 706 2032 placitum
737 1973 882 2019 esset
905 1965 958 2017 in
985 1971 1276 2034 conspectu
1307 1978 1446 2018 meo.

269 2120 354 2184 Χ
387 2134 480 2169 του
498 2133 512 2146 ³
539 2118 632 2172 καὶ
651 2116 974 2188 ὲπορεύθης,
1018 2116 1112 2170 καὶ
1133 2115 1392 2186 ἐποίησας
1445 2114 1655 2186 σεαυτῷ
1698 2113 1855 2176 θεοὺς

271 2210 354 2274 Χ
383 2207 602 2277 ἑτέρους
625 2209 720 2262 καὶ
743 2206 988 2277 χωνευτὰ
1017 2207 1113 2261 τοῦ
1144 2208 1474 2278 παροργίσαι
1505 2223 1594 2278 με,
1631 2207 1724 2260 καὶ
1757 2206 1856 2276 ἐμὲ

271 2299 352 2364 Χ
383 2295 614 2366 ἔρριψας
644 2295 818 2349 ὀπίσω
847 2312 960 2350 σου.

277 2650 360 2716 Χ
383 2643 646 2715 οὐροῦντα
675 2643 811 2714 πρὸς
840 2644 1040 2713 τοῖχον,
1107 2643 1432 2714 ὲπεχόμενον
1491 2644 1582 2696 καλ⁹
1625 2644 1854 2698 καταλε-

279 2742 357 2805 Χ
383 2735 674 2805 λειμμένον
712 2736 772 2787 ἐν
807 2733 1040 2805 Ἰσραὴλ,
1072 2734 1167 2787 καὶ
1198 2735 1429 2801 ὲπιλέξω
1457 2735 1550 2789 ἐπὶ
1572 2736 1719 2788 οῐκου
1755 2737 1854 2789 Ἱε-

277 2829 357 2892 Χ
393 2822 815 2895 ροΰοὰμ-καθὼς
853 2823 1164 2893 ὲπιλέγεται
1191 2826 1225 2894 ἠ
1251 2823 1474 2896 κόπρος.
1507 2824 1612 2889 ἕως
1640 2826 1858 2880 τελειω-

277 2919 356 2984 Χ
383 2915 542 2986 θῆναι
575 2915 758 2974 αὐτόν.

1964 2113 2030 2179 Χ
2061 2109 2189 2164 dum
2227 2125 2334 2174 me,
2367 2119 2422 2164 et
2448 2123 2530 2164 me
2558 2107 2829 2179 proiecisti
2853 2119 2974 2178 post
3000 2119 3068 2164 te.
3111 2109 3260 2177 Vulg.
3289 2110 3391 2164 Sed
3410 2125 3532 2179 ορε-

1963 2211 2114 2255 ratus
2140 2213 2199 2254 es
2233 2199 2375 2254 mala
2412 2213 2574 2268 super
2617 2213 2805 2254 omnes
2836 2199 2927 2269 qut
2962 2199 3181 2254 fuerunt
3216 2210 3338 2254 ante
3372 2211 3442 2264 te,
3479 2210 3533 2254 et

1965 2290 2139 2346 fecisti
2175 2290 2272 2344 tibi
2295 2291 2425 2346 deos
2448 2291 2653 2346 alienos
2681 2299 2734 2345 et
2775 2291 3094 2357 conﬂatilcs,
3125 2299 3182 2344 ut
3211 2307 3294 2345 me
3329 2293 3394 2344 ad
3425 2293 3532 2344 ira-

1965 2383 2216 2438 cundiam
2243 2399 2590 2452 provocares,
2627 2399 2714 2440 me
2735 2396 2916 2439 autem
2941 2385 3214 2454 projccisti
3251 2393 3374 2452 post
3403 2400 3527 2438 cor-

1964 2490 2065 2544 pus
2089 2481 2264 2528 tuum.

1963 2649 2030 2724 ὶξ(
2061 2664 2225 2718 Super
2255 2649 2472 2702 domum
2499 2647 2965 2714 Jeroboam,sicut
2997 2651 3268 2720 colligitur
3299 2659 3526 2716 stercus,

1964 2737 2032 2804 >κ
2064 2737 2236 2792 donec
2263 2748 2619 2808 consumptus
2649 2738 2828 2794 fuerit.
2859 2739 3008 2810 Vulg.
3041 2739 3244 2795 Idcirco
3278 2755 3404 2796 ecce
3430 2756 3530 2810 ego

1965 2828 2218 2884 inducam
2245 2831 2383 2884 mala
2421 2845 2583 2899 super
2631 2831 2848 2886 domum
2897 2829 3207 2895 Jcroboam,
3253 2839 3306 2886 et
3342 2847 3532 2900 percu-

1966 2918 2096 2972 tiam
2128 2918 2195 2973 de
2224 2919 2513 2976 Jeroboarn
2539 2921 2864 2991 mingentem
2899 2921 2964 2976 ad
3015 2922 3271 2991 parietem
3300 2931 3354 2976 et
3381 2923 3528 2977 clau-

1967 3011 2558 3070 sum,etnovissimum
2589 3013 2642 3066 in
2677 3011 2841 3068 Israel
2868 3031 2880 3067 :
2913 3019 2965 3068 et
2988 3013 3262 3068 mundabo.
3277 3011 3529 3083 reliquias

277 3097 486 3153 domus
515 3098 801 3154 lcroboam
834 3095 975 3153 sicut
999 3097 1252 3152 mundari
1288 3097 1428 3154 solet
1487 3097 1648 3156 ﬁmus
1682 3115 1856 3174 usque
1891 3103 1955 3158 ad
1983 3119 2199 3174 purum.

281 3350 362 3414 Χ
389 3363 480 3399 ται
503 3347 552 3398 oi
585 3345 766 3410 κύνες,
792 3347 888 3398 καὶ
915 3345 1006 3398 τὸν
1025 3345 1326 3417 τεθνηκότα
1366 3347 1424 3401 ὲν
1455 3347 1534 3413 τῷ
1579 3349 1734 3423 ἀγρῷ
1763 3367 1860 3403 κα-

285 3436 684 3505 Χταφᾰγεται
719 3435 787 3490 τὰ
824 3437 1041 3491 πετεινὰ
1083 3436 1178 3489 τοῦ
1218 3438 1448 3514 ούρανοῦ
1477 3457 1489 3470 ·
1530 3440 1610 3494 ὅτι
1659 3441 1861 3512 Κύριος

285 3531 364 3598 Χ
394 3527 640 3599 ἐλάλησεε

289 3786 364 3852 Χ
397 3774 644 3846 εἰςὀἷκόν
669 3801 783 3838 σου.
829 3785 918 3838 Ἐν
948 3780 1026 3855 τῷ
1057 3786 1400 3858 εἰσέρχεσθαι
1423 3789 1548 3852 τοὺς
1574 3789 1738 3854 πόδας
1769 3806 1862 3842 σου

291 3876 364 3941 Χ
389 3873 486 3944 τὴν
516 3874 671 3928 πόλιν
699 3874 1048 3930 ἀποθανεῖται
1069 3875 1130 3928 τὸ
1159 3878 1464 3949 παιδάριον.

293 4115 364 4180 Χ
395 4113 518 4165 Ὅτι
546 4106 698 4176 οὗτος
730 4113 888 4184 μόνος
913 4115 1278 4170 εἰσελεύσεται
1299 4117 1377 4188 τῷ
1413 4117 1692 4189 Ἱεροϐοὰμ
1725 4118 1860 4189 πρὸς

297 4208 364 4273 Χ
391 4204 581 4273 τάφον,
611 4205 693 4258 ὅτι
725 4206 920 4277 εὑρέθη
965 4209 1024 4260 ὲν
1049 4208 1196 4277 αὑτῷ
1229 4207 1380 4278 ῥῆμα
1403 4209 1564 4261 καλὸν
1612 4209 1739 4280 περὶ
1763 4209 1856 4262 τοῦ

295 4300 366 4366 Χ
391 4297 594 4369 Κυρίου
625 4295 762 4352 Θεοῦ
807 4297 1019 4376 Ἰσραὴλ
1053 4299 1111 4353 ὲν
1141 4297 1274 4368 οἴκῳ
1316 4299 1617 4371 Ἱεροϐοάμ.

299 4738 370 4802 Χ
397 4736 452 4799 ὃς
484 4735 676 4806 πλήξει
714 4734 806 4788 τὸν
842 4729 987 4788 οἶκον
1027 4732 1309 4808 Ἰεροδοὰμ
1345 4732 1520 4806 ταύτῃ
1549 4736 1614 4804 τῇ
1657 4733 1859 4804 ἡμέρᾳ,

300 4826 368 4894 Χ
395 4823 486 4877 καὶ
517 4823 596 4876 ἔτι
625 4823 783 4893 καίγε
808 4823 924 4884 νῦν,

299 5171 368 5234 Χ
393 5168 450 5222 ὲν
480 5167 655 5234 ὕδατι,
711 5167 806 5222 καὶ
838 5166 1038 5222 ὲκτιλεί
1066 5167 1158 5220 τὸν
1195 5169 1413 5242 Ἰσραὴλ
1457 5169 1564 5223 ἀπὸ
1611 5169 1722 5222 ἅνω
1769 5168 1868 5236 τῆς

299 5261 369 5326 Χ
395 5257 580 5328 χθόνος
603 5255 706 5326 τῆς
727 5255 938 5326 ἀγαθῆς
967 5255 1190 5326 ταύτης,
1223 5252 1290 5326 ἦς
1313 5257 1479 5310 ἔδωκε
1516 5259 1628 5319 τοῖς
1657 5253 1869 5324 πατρά-

299 5353 366 5419 X
395 5367 478 5406 σιν
510 5347 714 5415 αὐτῶν,
747 5347 841 5400 καὶ
874 5347 1128 5417 λικμήσει
1167 5348 1362 5410 αὐτοὺς
1411 5349 1517 5400 ἀπὸ
1560 5347 1730 5414 πέραν
1775 5344 1869 5403 τοῦ

299 5443 366 5508 Χ
391 5439 641 5510 ποταμοῦ
694 5435 812 5489 ἀνθ’
852 5427 912 5489 οὗ
946 5437 1068 5488 ὅσον
1115 5437 1375 5508 ἐποίησαν
1412 5437 1480 5492 τὰ
1524 5437 1661 5507 ἄλση
1695 5433 1870 5488 αὐτῶν

294 5537 362 5602 Χ
393 5531 836 5604 παροργίσαντες
861 5529 954 5581 τὸν
986 5528 1207 5598 Κύριον.

1967 3357 2033 3423 >ε<
2063 3371 2190 3412 aves
2215 3357 2360 3424 cmli,
2389 3359 2519 3428 quia
2554 3357 2813 3414 Dominus
2839 3359 3052 3414 locutus
3084 3368 3183 3412 est.
3245 3358 3392 3429 Vulg.
3425 3359 3530 3425 Qui

1967 3453 2168 3506 mortui
2225 3451 2427 3506 fuerint
2459 3451 2526 3505 de
2568 3449 2854 3506 Jeroboam
2891 3453 2944 3504 in
2975 3453 3209 3515 civitate,
3244 3452 3532 3507 comedent

1968 3557 2065 3597 eos
2091 3558 2251 3596 canes
2279 3561 2292 3596 :
2335 3542 2428 3612 qui
2457 3550 2636 3596 autem
2675 3543 2875 3596 mortui
2905 3542 3105 3596 fuerint
3149 3544 3204 3595 in
3249 3559 3400 3614 agro,
3428 3559 3522 3598 vo-

1966 3633 2164 3690 rabunt
2189 3646 2283 3688 eos
2305 3647 2433 3688 aves
2479 3632 2600 3688 coeli
2629 3649 2641 3683 :
2667 3633 2793 3702 quia
2825 3633 3085 3688 Dominus
3117 3634 3328 3689 locutus
3357 3643 3456 3687 est.

1967 3787 2034 3857 )‘s(
2071 3787 2241 3840 rietur
2268 3785 2546 3856 puerulus.
2593 3783 2742 3855 Vulg.
2790 3785 2870 3840 Tu
2903 3786 3069 3856 igitur
3092 3803 3272 3858 surge,
3309 3799 3362 3844 et
3401 3791 3532 3845 vade

1969 3879 2022 3930 in
2048 3877 2272 3929 domum
2303 3884 2450 3928 tuam
2488 3891 2502 3928 :
2530 3881 2582 3928 et
2614 3875 2665 3928 in
2699 3873 2817 3944 ipso
2847 3874 3068 3931 introitu
3093 3880 3288 3947 pedum
3314 3887 3526 3933 tuorum

1971 3967 2028 4019 in
2055 3965 2264 4030 urbem,
2287 3966 2550 4022 morietur
2575 3977 2727 4034 puer.

1969 4124 2039 4190 Χ
2063 4121 2233 4176 Deum
2265 4123 2430 4178 lsrael
2463 4124 2518 4178 in
2540 4125 2704 4180 domo
2737 4124 3045 4180 Jeroboam.
3094 4122 3240 4194 Vulg.
3278 4123 3341 4178 Et
3372 4124 3528 4193 plan-

1970 4222 2200 4282 gctcum
2245 4214 2427 4268 omnis
2451 4213 2636 4282 lsrael,
2680 4223 2734 4270 et
2765 4213 2986 4284 sepeliet
3017 4232 3031 4267 :
3063 4213 3164 4268 iste
3193 4213 3336 4267 enim
3383 4213 3532 4267 solus

1971 4305 2236 4360 inferetur
2267 4305 2333 4360 de
2360 4303 2651 4361 Jeroboam
2689 4306 2742 4359 in
2784 4305 3087 4376 sepulcrum
3111 4345 3126 4370 ,
3167 4303 3293 4372 quia
3347 4303 3534 4356 inven-

1971 4406 2060 4451 tus
2087 4407 2168 4451 cst
2203 4411 2368 4466 super
2395 4412 2462 4453 eo
2488 4411 2670 4452 sermo
2697 4397 2873 4452 bonus
2897 4411 2928 4450 a
2954 4395 3184 4452 Domino
3215 4394 3322 4450 Deo
3347 4392 3530 4458 lsrael,

1971 4492 2025 4544 in
2051 4490 2214 4544 domo
2251 4487 2561 4544 leroboam.

1980 4731 2134 4800 Vulg.
2173 4730 2468 4786 Constituit
2492 4738 2670 4786 autem
2702 4729 2804 4784 sibi
2862 4729 3122 4785 Dominus
3151 4745 3328 4802 regem
3369 4746 3533 4801 super

1972 4823 2160 4888 lsrael,
2195 4823 2288 4892 qui
2315 4823 2580 4892 percutiet
2601 4822 2821 4876 domum
2853 4821 3138 4878 Jeroboam
3163 4825 3215 4877 in
3239 4825 3340 4881 hac
3359 4823 3532 4888 die,ct

1971 4917 2024 4972 in
2054 4919 2156 4974 hoc
2184 4927 2442 4988 tempore.

1969 5163 2192 5234 )Kdedit
2203 5155 2740 5232 patribuseorum,et
2760 5158 3037 5212 ventilabit
3054 5173 3146 5214 eos
3160 5161 3228 5216 de
3258 5169 3404 5216 trans
3427 5163 3530 5215 ﬂu-

1971 5260 2036 5326 >θ<
2067 5271 2214 5320 men,
2235 5263 2519 5323 propterea
2570 5250 2717 5321 quod
2749 5249 2994 5304 fecerunt
3027 5250 3180 5306 lucos
3225 5267 3373 5319 suos,
3406 5269 3530 5321 pro-

1973 5351 2040 5416 x
2069 5353 2329 5401 vocantes
2356 5343 2669 5398 Domuum.
2705 5340 2857 5411 Vulg.
2888 5340 2954 5394 Et
2981 5344 3246 5411 percutiet
3269 5342 3531 5400 Dominus

1967 5440 2112 5497 Deus
2155 5436 2342 5502 Israel,
2381 5437 2524 5491 sicut
2556 5434 2756 5489 moveri
2794 5433 2929 5488 solet
2977 5435 3186 5488 arundo
3241 5435 3292 5488 in
3344 5451 3482 5505 aqua
3517 5477 3528 5492 .

1969 5540 2022 5586 et
2044 5529 2236 5585 evellet
2272 5527 2438 5583 lsrael
2466 5526 2533 5582 de
2573 5534 2718 5581 terra
2740 5526 2880 5581 bona
2911 5527 3032 5590 hac,
3064 5542 3225 5594 quam
3257 5525 3402 5580 dedit
3435 5543 3532 5595 pa-

291 5629 468 5684 tribus
493 5641 721 5692 eorum,
745 5631 796 5678 et
829 5621 1106 5678 ventilabit
1138 5637 1234 5678 eos
1266 5631 1413 5680 trans
1461 5624 1656 5680 ﬂumen
1691 5643 1702 5678 :
1739 5623 1866 5698 quia
1905 5623 2148 5678 fecerunt
2171 5621 2272 5676 sibi
2307 5619 2481 5684 lucos,
2523 5627 2580 5672 ut
2603 5617 2879 5674 irritarent
2903 5617 3209 5672 Dominum.
