3952 6296
366 377 473 434 1159
1433 374 1905 432 IIEXAPLORUM
1947 374 2112 442 ΟΟΑΕ
2156 374 2468 432 SUPERSU
2478 373 2567 429 NT
3541 370 3664 426 560

1429 492 1685 554 CAPUT
1720 493 1902 554 XXII
1949 492 2100 552 LIB.
2136 493 2159 555 Ι
2193 492 2562 552 PARALIP.

644 590 732 645 ΤΟ
769 590 1140 645 EBPAIKON.
1760 591 1846 642 ΤΟ
1884 590 2205 642 EBPAIKOI‘

1760 591 1846 642 ΤΟ
1884 590 2230 642 ΕΒΡΑῙΚΟΝ
2966 585 3263 639 ΑΚΥΔΔΣ.

1662 660 1991 730 Ἑλληνικοῖς
2031 658 2341 730 γράμμασι.

933 732 1046 807 3-15
1079 756 1227 829 τουπ
1266 747 1330 801 15
1556 747 1623 802 15

1184 756 1227 808 σει
1266 747 1330 801 15
1556 747 1623 802 15
2661 747 2745 801 I5.

469 976 721 1033 VERSIO
759 977 1077 1033 HEBRAICI
1112 976 1318 1031 ΤΕΧΤ.
1680 975 2011 1032 VULGATA
2049 973 2323 1029 LATINA.
2957 972 3233 1043 ΑρυῐιΔ.

436 1071 521 1125 15.
568 1071 633 1124 Et
670 1082 848 1127 tecum
882 1073 934 1125 in
973 1072 1340 1127 multitudine.
1478 1070 1637 1194 “'15.
1676 1068 1853 1124 Habes
1880 1084 2100 1149 quoque
2128 1072 2389 1139 plurimos
2424 1083 2516 1122 ar-
2663 1069 2752 1124 I5.

1503 1156 1668 1196 uices.
2080 1162 2089 1171 ι

1897 1299 2073 1360 Nota.

434 1404 492 1458 V.
520 1408 604 1461 15.
642 1406 884 1469 Ἄλλος,
920 1406 1016 1458 καὶ
1048 1406 1185 1476 μετὰ
1213 1405 1309 1460 σοῦ
1342 1401 1545 1476 Κύριος
1576 1413 1681 1459 etc.
1722 1413 1778 1456 In
1806 1401 1937 1471 Reg.
1976 1418 1995 1457 ε

1071 1406 1185 1459 ιετὰ
1213 1405 1309 1460 σοῦ
1342 1401 1545 1476 Κύριος
1576 1413 1681 1459 etc.
1722 1413 1778 1456 tn
1806 1401 1937 1471 Reg.
1976 1412 2029 1457 et
2059 1402 2111 1454 in
2142 1401 2285 1455 notis
2316 1401 2445 1455 edit.
2474 1400 2632 1458 Rom.

1329 1577 1583 1639 CAPUT
1629 1576 1839 1637 XXIV
1887 1576 2037 1636 LIB.
2087 1576 2110 1634 Ι
2153 1575 2522 1635 PARAIJP.

631 1681 717 1733 ΤΟ
755 1677 1124 1732 EBPAIKON.
1754 1675 1842 1729 ΤΟ
1881 1675 2229 1727 ΕΒΡΑΙΚΟΝ
2953 1676 3251 1733 ΑΚΥΛΑΣ.

1656 1745 1987 1811 Ἑλληνικοῖς
2022 1746 2335 1816 γράμμασι.

352 1854 493 1909 nm:
524 1850 610 1900 vn
643 1849 920 1928 arnme
945 1846 1081 1925 rans
1122 1845 1261 1896 ’πη
1303 1836 1324 1888 1
1550 1828 1605 1890 4.
2656 1836 2708 1890 1.

435 2067 684 2122 VERSIO
722 2066 1040 2122 HEBRAICI
1083 2064 1295 2123 ΤΕΧΤ.
1655 2061 1985 2117 VULGATA
2024 2060 2306 2118 LATINA.
2930 2064 3209 2133 AQUILA.

434 2161 475 2214 1.
531 2161 597 2214 Et
645 2159 769 2215 ﬁliis
808 2161 988 2215 Aaron
1042 2159 1385 2226 partitiones.
1536 2156 1586 2208 I.
1658 2155 1827 2209 Porro
1888 2156 2123 2210 ﬁliorum
2176 2158 2356 2210 Aaron
2420 2158 2506 2211 ha
2650 2158 2701 2212 I.

358 2234 672 2293 miiAaron.
1465 2226 1786 2279 nat-titiones
1819 2234 2010 2279 erant:
2045 2226 2140 2279 lilii
2172 2228 2372 2281 Aaron.

1886 2389 2063 2448 Nola.

427 2493 484 2550 ν.
520 2494 572 2550 1.
602 2493 838 2559 Ἄλλος,
880 2491 1109 2562 Ἀαρὼν.
1145 2490 1237 2544 καὶ
1270 2491 1327 2545 at
1364 2496 1466 2542 etc.
1500 2486 1633 2558 Reg.
1660 2497 1714 2542 et
1742 2504 1794 2541 tn
1826 2488 1971 2542 notis

760 2508 838 2559 ος,
880 2491 1109 2562 Ἀαρὼν.
1145 2490 1237 2544 καὶ
1270 2491 1327 2545 αἱ
1364 2496 1466 2542 etc.
1500 2486 1633 2558 Reg.
1660 2497 1714 2542 et
1742 2504 1794 2541 tn
1826 2488 1971 2542 notis
2005 2489 2134 2542 odit.
2166 2490 2321 2543 Rom.

1376 2672 1632 2733 CAPUT
1680 2673 1859 2732 XXV
1916 2672 2067 2731 LIB.
2106 2672 2131 2731 Ι
2164 2670 2528 2734 PARALIP.

624 2774 711 2826 ΤΟ
749 2773 1112 2827 EBPAIKON.
1737 2771 1827 2824 ΤΟ
1868 2772 2185 2824 ΕΒΡΑΙΚΟῈ

1737 2771 1827 2824 ΤΟ
1868 2772 2213 2824 ΕΒΡΑΙΚΟΝ
2950 2771 3245 2832 ΑΚΥΛΛΣ.

1646 2841 1976 2909 Ἑλληνικοῖς
2011 2843 2323 2911 γράμμασι.

764 2947 963 2995 Πτπέἒέ
1015 2943 1248 2995 ῦνκνειεη
1288 2936 1312 2988 1
1536 2936 1587 2987 1.
2646 2938 2696 2990 1.
2730 2938 2848 2991 Τῶν
2879 2940 3191 3012 προφητῶν.

904 3107 1047 3154 nun
1091 3105 1251 3177 ’πέδη
1287 3096 1322 3149 ’ὅ
1535 3095 1569 3147 5

2644 3099 2695 3153 5.
2726 3099 2943 3171 Κιθάρᾳ
2979 3100 3353 3173 προφητεύων.

421 3183 670 3238 VERSIO
702 3183 1020 3240 IIEBRAICI
1057 3181 1262 3239 TEXT.
1779 3184 2125 3241 VULGATA.
2925 3190 3201 3256 AQUILA.

419 3278 468 3331 1.
500 3277 886 3348 Prophetantes
922 3282 976 3335 in
1016 3281 1259 3336 citharis.
1523 3281 1573 3335 1,
1609 3279 1711 3346 Qui
1746 3283 2133 3351 prophetarcnt
2164 3282 2216 3335 in
2239 3282 2486 3337 citharis.
2634 3286 2685 3339 I.
2721 3284 3137 3355 Pmphetarum.

417 3370 469 3424 5.
502 3370 557 3423 In
586 3371 791 3425 cithara
814 3371 1205 3442 prophetantis.
1521 3374 1574 3429 5.
1611 3374 1715 3441 Qui
1751 3377 1803 3428 in
1845 3376 2053 3430 cithara
2114 3377 2486 3445 prophetahat.
2634 3376 2687 3431 5.
2718 3375 2941 3429 Cithara
2978 3376 3327 3445 prophetans.

1022 3466 1195 3524 Notae
1224 3469 1284 3523 et
1320 3463 1507 3525 varia;
1550 3466 1861 3528 lectiones
1901 3468 1979 3528 ad
2013 3484 2150 3544 cap.
2188 3468 2371 3528 XXV
2421 3467 2527 3527 lib.
2566 3467 2592 3526 Ι
2650 3465 2919 3543 Paralip.

421 3555 483 3614 ν.
512 3562 562 3615 1.
608 3562 707 3625 Ἀ.,
731 3561 838 3616 τῶν
867 3563 1160 3634 προφητῶν
1185 3571 1291 3618 etc.
1319 3563 1508 3617 Codex
1545 3564 1675 3634 Reg.

2096 3562 2159 3617 ν.
2190 3566 2242 3618 5.
2282 3566 2385 3628 Ἀ.,
2423 3563 2622 3634 κιθάρᾳ
2644 3561 3000 3634 προφητεύων
3031 3570 3133 3617 etc.
3168 3561 3310 3617 Idem
3336 3561 3476 3631 Reg.
3507 3560 3641 3619 νοο-

1370 3751 1624 3812 CAPUT
1670 3752 1881 3810 XXVI
1922 3751 2069 3810 LIB.
2112 3753 2135 3811 Ι
2173 3752 2540 3812 PABALIP.

633 3852 714 3905 T0
748 3850 1114 3906 EBPAIKON.
1656 3870 1668 3879 '
1743 3852 1831 3902 ΤΟ
1870 3852 2194 3904 ΕΒΡΑΙΚΟΓ

1743 3852 1831 3902 ΤΟ
1870 3852 2218 3904 ΕΒΡΑΙΚΟΝ
2710 3890 2713 3891 ν
2941 3851 3233 3907 ΑΚΥΛΑΣ.

1645 3920 1974 3990 Ἑλληνικοῖς
2012 3938 2044 3988 γ
2051 3923 2164 3990 ράμ
2172 3939 2318 3990 μασι.

807 3994 1211 4096 πρώτω-τω
1245 4013 1311 4065 2"
1525 4012 1617 4065 9.7.
2639 4020 2735 4075 27.

662 4148 923 4225 omnem
958 4152 1202 4227 ειν-πωωὸ
1236 4168 1305 4221 29
1528 4170 1619 4226 ει).

1170 4152 1202 4227 5
1236 4168 1305 4221 29
1528 4170 1619 4226 ει).
2642 4178 2731 4233 29.

450 4324 699 4381 VERSIO
724 4324 1040 4382 HEBRAICI
1068 4328 1273 4384 ΤΕΧΤ.
1654 4333 1983 4390 VULGATA
2021 4337 2296 4395 LATINA.
2958 4331 3231 4402 AQUILA.

412 4417 503 4475 27.
535 4417 611 4473 De
634 4418 808 4474 bellis.
1521 4424 1609 4479 27.
1657 4426 1729 4481 De
1761 4428 1935 4483 bellis.
1964 4442 1967 4445 '

1521 4424 1609 4479 27.
1657 4426 1729 4481 De
1761 4428 1935 4483 bellis.
1964 4442 1967 4445 '
2632 4433 2724 4487 27.

413 4508 503 4563 29.
536 4508 590 4562 In
621 4510 904 4579 praefectos
932 4522 986 4567 et
1006 4516 1243 4582 judices.
1454 4586 1487 4639 ὁ
1522 4516 1611 4572 29.
1656 4519 1734 4573 Ad
1786 4520 2090 4577 docendum
2143 4534 2197 4580 et
2238 4525 2493 4595 judican-
2636 4524 2729 4580 29.

1494 4602 1604 4641 um.
2309 4622 2312 4626 -

1883 4687 2083 4749 Notae.
2130 4758 2131 4763 η

420 4768 478 4827 ιτ.
506 4776 595 4829 27.
632 4778 841 4831 ’Ἄλλοι
862 4818 878 4843 ,
906 4777 969 4831 ὲκ
1003 4779 1275 4850 πολέμων.
1313 4778 1369 4833 In
1403 4781 1544 4835 notis
1572 4782 1699 4836 edit.
1739 4783 1899 4838 Rom.

1352 4958 1607 5016 CAPUT
1645 4960 1889 5020 XXVII
1949 4964 2098 5024 LIB.
2174 4965 2200 5024 Ι
2242 4963 2609 5025 PARALIP.

624 5048 712 5101 ΤΟ
746 5048 1114 5104 ΕΒΡΑΙΚΟΝ.
1735 5057 1821 5107 ΤΟ
1862 5058 2185 5111 EBPAIKOI‘

1735 5057 1821 5107 T0
1862 5058 2207 5111 EBPAIKON
2930 5045 3226 5120 ΛΚΥᾸΑΣ.

1638 5123 1964 5195 Ἑλληνικοῖς
2002 5129 2288 5200 γράμμασι
2566 5137 2577 5149 ’

829 5218 1203 5277 mnu-rm
1238 5213 1308 5265 27
1521 5216 1607 5273 27.
2636 5224 2724 5281 27.

451 5368 699 5429 VERSIO
731 5370 1055 5431 HEBRAICI
1088 5377 1293 5433 ΤΕΧΤ.
1658 5383 1981 5441 VULGATA
2021 5386 2296 5443 LATINA.
2941 5390 3218 5459 AQUILA.

409 5470 497 5525 27.
529 5469 595 5526 Et
623 5487 786 5543 super
816 5472 1023 5528 vineas.
1518 5479 1606 5535 27.
1645 5479 2047 5553 Vinearumque
2074 5486 2394 5542 cultoribus.
2630 5488 2717 5543 27.

1889 5648 2071 5708 Nola.

416 5732 476 5789 V.
502 5736 591 5790 27.
624 5740 873 5807 Ἀλλοςῗ,
922 5739 1013 5793 καὶ
1044 5739 1138 5794 ἰπὶ
1168 5740 1274 5799 τῶν
1300 5742 1657 5812 ἀμπελώνων.
1695 5747 1753 5803 In
1786 5751 1932 5806 notis
1972 5772 1977 5799 ι

1982 5752 2099 5808 edit.
2139 5750 2299 5808 Rom.
2345 5753 2478 5825 Reg.
2518 5755 2696 5825 habet,
2746 5757 2839 5811 καὶ
2881 5758 2971 5812 int
3000 5759 3107 5814 τῶν
3141 5758 3370 5832 χωρίων,
3405 5760 3543 5831 quod
