3950 6286
558 343 666 397 419
1590 337 2065 394 IIEXAPLORUM
2106 336 2271 405 QUAE
2316 335 2747 398 SUPERSUNT.

814 453 901 506 ΤΟ
937 451 1303 507 ΕΒΡΔῘΚΟΝ.

1299 573 1514 653 nas-Ba

1229 731 1449 807 9118.13.31
1482 746 1516 801 6

1109 821 1313 924 unum
1337 848 1448 924 pa
1481 837 1515 892 8

1139 914 1260 994 ‘mv
1298 914 1391 990 διό-ι
1445 928 1512 983 10

1374 1032 1519 1085 ἹΠἾΞ

1027 1101 1247 1178 annua
1278 1124 1412 1202 per:
1452 1114 1515 1171 H

1288 1283 1415 1337 πλην
1453 1272 1522 1327 12

550 1357 699 1432 51m
719 1375 884 1432 tum
913 1370 1089 1427 unum
1118 1369 1267 1422 nm:
1298 1347 1412 1426 ἰ’πιν
1454 1364 1588 1496 ign,

550 1586 838 1661 Eum-nm
873 1605 1150 1671 unua-va
1188 1603 1421 1655 inv-ma
1458 1594 1524 1648 15

1012 1680 1015 1683 ⁷
1258 1673 1509 1727 Ἐ’Ἦέἒὲ
1542 1672 1595 1723 ’3

777 1904 891 1955 1m
925 1876 1250 1983 ἰἰιΒ-τεκν
1287 1875 1419 1956 τηΒκ
1462 1894 1527 1950 19

1378 2038 1530 2114 ωθτιγν

1259 2199 1263 2205 ’
1320 2223 1429 2275 ru:
1462 2214 1531 2269 20

558 2318 723 2368 mnu
786 2316 947 2367 W2:
1014 2317 1305 2369 uran'm:
1355 2314 1409 2365 ν)
1464 2305 1526 2359 2i

558 2389 700 2438 unm
763 2386 932 2438 νιν-ιη
1015 2388 1206 2438 ἾΞΟὩΊ
1323 2377 1426 2430 Ἐκ
1497 2373 1603 2428 τοῦ

1932 451 2019 503 ΤΟ
2060 450 2405 505 ΕΒΡΑΙΚΟΝ

1842 520 2169 591 Ἑλληνικοῖς
2207 521 2515 593 γράμμασι.

1728 744 1785 799 ϐ.

1731 838 1788 891 8.

1732 930 1819 984 10.

1734 1110 1822 1165 11.

1735 1269 1820 1326 12.

1738 1360 1828 1415 15.

1736 1591 1859 1648 15.“

1739 1889 1828 1944 19.

1746 2207 1835 2262 20.

1742 2299 1831 2353 21.

574 2449 932 2527 ’βᾷραϊκρῦκ
953 2448 1187 2527 Τίηγᾲρ
1249 2447 1440 2527 χρῄζει
1503 2445 1605 2514 τῆς
1672 2452 1673 2455 “

561 2519 739 2580 οἰκίας
768 2516 934 2570 αὑτοῦ
967 2519 1080 2588 μεθ’
1118 2516 1313 2569 suum?)
1342 2535 1357 2583 ;

964 2595 1079 2671 run
1114 2591 1252 2667 τῶν
1285 2590 1428 2666 θκιῖη
1464 2605 1536 2659 22

1376 2752 1528 2827 ω’ωὸ

559 2911 736 3018 pu‘m
761 2909 847 2987 1‘7:
876 2935 989 2985 rm
1013 2935 1174 2990 nm
1205 2933 1340 2985 mm
1373 2936 1435 2985 ππ
1469 2925 1539 3075 es:

1459 3024 1500 3075 ν
1535 3027 1539 3063 1

1459 3024 1608 3075 1mm

660 3222 909 3280 VERSIO
947 3221 1266 3278 HEBBAICI
1300 3219 1511 3277 TEXT.

639 3318 815 3388 Super
847 3332 932 3373 os.

636 3410 690 3465 6.
736 3410 800 3465 Ει
823 3409 1085 3466 attonitus
1110 3425 1253 3465 sum.

639 3506 694 3561 8.
735 3504 938 3561 Stabile
966 3506 1034 3561 ad
1067 3505 1234 3563 facies
1266 3521 1478 3562 eorum.

640 3598 728 3652 10.
759 3596 825 3652 Et
841 3613 950 3653 non
978 3597 1209 3669 projecit
1228 3612 1410 3654 semen
1428 3606 1605 3654 extra.

638 3757 813 3814 Vacca
833 3757 973 3828 ejus.

639 3850 725 3903 11.
759 3847 918 3903 Velut
942 3863 1096 3904 ovem
1124 3847 1377 3918 parvulos
1403 3861 1555 3902 suos.

646 4008 735 4062 12.
762 4007 985 4077 Organi.

644 4098 730 4151 15.
779 4097 977 4151 Terent
1032 4102 1301 4151 vetustate
1356 4096 1409 4149 in
1465 4097 1607 4150 bono

572 4168 690 4222 dies
730 4181 880 4231 suos,
913 4174 967 4220 et
1010 4165 1064 4218 in
1104 4173 1380 4219 momento
1428 4166 1608 4234 sepul-

572 4252 726 4292 crum
758 4236 1105 4291 descendent.

646 4326 732 4382 15.
761 4326 900 4392 Quid
936 4325 1156 4390 Saddai,
1207 4325 1351 4392 quod
1401 4324 1605 4380 servie-

574 4413 697 4452 mus
742 4399 811 4461 ei,
850 4405 904 4450 et
953 4397 1083 4467 quid
1142 4394 1411 4467 utilitatis
1439 4394 1614 4467 capie-

575 4483 720 4533 mus,
756 4468 902 4537 quod
933 4465 1338 4522 occurrerimus
1367 4465 1463 4521 ei?

605 4698 617 4710 .
648 4626 736 4682 19.
770 4627 914 4683 Deus
945 4626 1107 4682 abdet
1142 4626 1268 4682 filiis
1302 4625 1421 4698 ejus
1445 4626 1613 4682 robur

573 4713 711 4769 ejus.
964 4717 977 4733 ν

645 4788 868 4841 Reddet.

644 4879 734 4934 20.
780 4879 1140 4934 lnfortunium
1180 4895 1361 4936 suum.

643 4969 734 5022 21.
773 4967 907 5023 Nam
938 4985 1061 5040 qum
1107 4970 1359 5025 voluntas
1408 4969 1526 5039 eius
1559 4970 1618 5026 in

578 5041 748 5111 domo
796 5040 1218 5111 sua_postseﬁ‘.?i
1254 5049 1306 5094 et
1354 5055 1619 5111 numerus

579 5108 848 5164 mensium
875 5108 992 5178 eius
1033 5110 1302 5165 dimidiati
1347 5118 1494 5166 sunt.
1534 5108 1617 5161 Ea:

578 5179 860 5251 flebraico.
897 5180 1035 5245 Quid
1087 5180 1231 5235 enim
1278 5195 1414 5251 opus
1457 5180 1617 5234 habet

576 5250 741 5303 domu
760 5264 855 5302 sua
888 5260 1005 5318 post
1034 5250 1127 5304 se?

646 5340 738 5394 22.
813 5337 1087 5410 Numquid
1153 5340 1321 5396 Deum
1399 5339 1616 5397 docebit

575 5409 857 5465 scientiam
877 5408 901 5462 ?
975 5408 989 5410 “
1146 5426 1153 5433 ·

646 5498 925 5554 Excelsos.

648 5662 733 5716 25η
774 5660 879 5716 Iste
909 5659 1169 5714 morietur
1199 5659 1254 5715 in
1298 5658 1615 5716 fortitudine

580 5731 1083 5802 integritatissua}.
1110 5729 1281 5787 Totus
1314 5731 1423 5800 ipse
1456 5730 1615 5800 quic-

581 5810 669 5857 tus
704 5801 759 5855 et
787 5801 1068 5870 pacificus.

1743 2601 1835 2656 22.

1746 2921 1839 2977 25.

1878 3221 2206 3279 VULGATA
2256 3223 2534 3281 LATINA.

1747 3316 1841 3373 Ori
1880 3329 2080 3376 vestro.

1747 3408 1800 3464 6.
1832 3409 2188 3480 Pertimesco.

1746 3501 1802 3556 8.
1833 3500 2122 3559 Permanet
2151 3519 2337 3560 coram
2369 3504 2467 3561 eis.

1758 3592 1848 3649 1ο.
1879 3592 1996 3649 Non
2027 3594 2304 3651 abortivit.

1748 3748 1943 3807 Vacca.

1747 3840 1837 3964 lini.
1895 3839 2063 3907 Quasi
2119 3855 2309 3911 greges
2361 3840 2575 3911 parvuli
2625 3854 2721 3897 eo-

1676 3926 1820 3965 rum.

1752 4000 1840 4053 12.
1868 4000 2093 4070 Organi.

1754 4091 1841 4144 15.
1874 4091 2091 4145 Ducunt
2124 4091 2176 4144 in
2218 4091 2377 4146 bonis
2404 4090 2521 4148 dies
2565 4107 2718 4157 suos,

1679 4168 1727 4283 ﬁt
1773 4160 1827 4282 itn
1872 4170 2075 4229 puncto
2124 4161 2193 4215 ad
2241 4160 2454 4216 inferna
2500 4162 2724 4219 descen-

1718 4244 1782 4283 en
1813 4269 1827 4283 .

1718 4244 1827 4284 CIII.

1759 4324 1840 4377 15.
1872 4324 2007 4395 Quis
2040 4333 2120 4379 est
2144 4324 2501 4395 Omnipotens
2522 4333 2584 4380 ut
2614 4339 2729 4381 ser-

1683 4393 1896 4465 viamus
1928 4394 2020 4465 ei,
2056 4404 2110 4449 et
2134 4396 2275 4465 quid
2310 4393 2466 4451 nobis
2505 4396 2729 4465 prodest

1684 4464 1729 4519 si
1760 4464 2100 4519 oraverimus
2131 4464 2327 4520 illum?

1760 4625 1847 4679 19.
1903 4625 2047 4679 Deus
2100 4625 2339 4681 servabit
2388 4626 2514 4681 filiis
2578 4625 2725 4681 illius

1686 4694 1927 4749 dolorem
1960 4696 2152 4765 patris.

1761 4784 1827 4839 Et
1851 4790 1974 4840 etim
2007 4784 2320 4839 reddiderit.

1757 4876 1847 4930 20.
1881 4875 2340 4931 lnterfeelionem.

1759 4968 1849 5022 2f.
1882 4969 2022 5034 Quid
2053 4969 2196 5023 enim
2235 4969 2301 5023 ad
2338 4983 2461 5023 eum
2497 4967 2729 5038 pertinet

1690 5038 1757 5092 de
1795 5041 1957 5092 domo
1986 5053 2084 5092 sua
2113 5048 2232 5107 post
2258 5038 2360 5091 se?
2382 5046 2437 5091 et
2460 5040 2503 5091 si
2541 5053 2729 5091 nume-

1691 5124 1783 5163 rus
1817 5109 2085 5163 mensium
2124 5107 2243 5177 ejus
2266 5107 2597 5162 dimidietur.

1753 5338 1842 5392 22.
1865 5335 2139 5406 Numquid
2166 5336 2333 5391 Deum
2358 5334 2569 5391 docebit
2585 5334 2730 5405 quis-

1686 5408 1832 5479 piam
1874 5408 2157 5464 scientiam
2181 5406 2205 5459 ?

1757 5501 2030 5557 Excelsos.

1754 5661 1845 5714 25.
1893 5659 2000 5716 Istc
2055 5660 2316 5716 morietur
2364 5661 2622 5718 robustus
2670 5666 2725 5712 et

1691 5746 1879 5796 sanus,
1915 5732 2067 5788 dives
2093 5741 2144 5787 et
2172 5730 2321 5788 felix.

3119 448 3472 504 ἈΚΥΛΛΣυ

2847 754 2898 807 6.

2844 844 2877 897 8

2966 931 3080 986 Οὐκ
3106 929 3366 996 ἐξέϐαλε.

2845 1022 3087 1093 Δάμαλις
3112 1022 3309 1075 αὐτοῦ.

2845 1113 2931 1167 11.

2848 1273 2934 1325 12.
2966 1274 3033 1340 Ἃ(
3071 1269 3345 1342 Ὀργάνου
3364 1315 3373 1323 .

2855 1362 2943 1417 15.

2854 1591 2937 1646 13.

2858 1886 2944 1941 19.

2863 2210 2953 2263 20.

2863 2210 2897 2263 2
2939 2249 2953 2262 .

2862 2209 2949 2355 2?.
2995 2299 3424 2372 Ἦμισεύοησαν.

2863 2602 2952 2662 2‘2.

3173 3227 3458 3296 AQUILA.

2867 3414 2923 3469 6.

2866 3506 2920 3560 8.

2873 3598 2954 3651 10.
2996 3595 3113 3651 Νοη
3154 3594 3333 3666 eiecit.

2870 3756 3043 3812 Vacca
3064 3752 3210 3824 eius.

2868 3850 2954 3903 11.

2872 4012 2955 4067 12.
2984 4015 3051 4082 Χ
3079 4010 3302 4083 Organi.

2868 4101 2953 4156 15.

2874 4329 2960 4382 15.

2874 4626 2962 4681 19.

2868 4877 2960 4932 20.

2868 4968 2930 5022 21
2945 5007 2959 5021 .
2998 4962 3267 5022 Dimidiati
3297 4970 3445 5020 sunt.

2872 5333 2960 5389 22.

2869 5652 2957 5708 25.

3723 332 3803 385 ,ιξμ
