3974 6276
455 363 560 422 867

750 473 836 526 TU
865 473 1231 530 EBPAIKON.

467 619 570 695 ‘5:
615 618 705 699 ’ὃν
741 645 901 700 1:.er
942 645 1074 696 ’ῆι-τ
1110 635 1360 698 orn-'7:
1398 642 1430 694 6

1079 710 1190 792 ιτῆὸ
1226 741 1493 793 nummi:

460 867 617 941 inpr.
655 869 785 917 nm
818 868 987 920 mea,
1037 875 1052 911 ι
1095 870 1228 924 nui
1284 864 1317 918 8
1356 904 1372 929 ,
1397 865 1428 917 7

456 933 675 1039 ῖπιὲτιδτ
714 965 728 1008 :
770 961 904 1014 nam
970 963 1053 1039 up
1102 967 1267 1016 arva:
1312 967 1500 1039 fnum

459 1023 634 1102 "{3is
667 1051 801 1102 ‘mn
839 1057 854 1094 ι
897 1023 1052 1108 εθιῠῇ
1089 1055 1208 1128 qua
1241 1031 1501 1108 1:35-1:55

460 1369 622 1419 mw
691 1374 809 1421 nm
879 1373 1076 1424 nmzo
1134 1375 1215 1425 ’τι
1256 1367 1322 1420 10
1362 1408 1378 1432 ,
1397 1371 1430 1425 9

471 1464 487 1502 ι
531 1461 597 1506 an
634 1465 646 1506 :
686 1462 920 1531 Ἱππ-δεδι
956 1440 1064 1514 s'm
1101 1467 1279 1538 Tum
1317 1467 1502 1524 mm“!

461 1553 574 1600 "m
612 1555 771 1614 mp»:
814 1554 942 1605 mu
990 1557 1131 1606 ams
1169 1556 1314 1608 una:
1345 1559 1502 1609 nam

918 1620 969 1692 ’Β
1006 1623 1307 1698 ambs-v3
1345 1647 1499 1703 vna-r1

461 1874 620 1923 mm:
650 1876 761 1923 ’πε-ς
795 1850 937 1924 ’Ἰθηκ
973 1852 1188 1926 ambs:
1227 1868 1292 1921 12
1332 1909 1346 1932 ,
1368 1869 1426 1922 Η

465 1942 538 2013 n5
610 1965 813 2040 innisa.
871 1942 1089 2017 ambs:
1150 1973 1163 2015 :
1215 1971 1328 2019 ’πει-ε
1361 1944 1506 2018 ’τε-ης

783 2049 835 2100 ’Ἴ
872 2054 990 2102 ῦἹδι
1022 2054 1326 2108 MPH}:
1362 2054 1506 2104 διηνκ

465 2157 663 2233 dum»:
735 2183 897 2245 Ῥη-τι
969 2160 1172 2236 amba
1232 2158 1504 2325 gratim

467 2346 604 2396 '11s:
665 2345 870 2397 utrm:
923 2320 1044 2398 $155
1097 2320 1320 2417 ’ᾖς-ιΠῶ
1338 2339 1510 2468 Digna

564 2635 812 2692 VERSIO
849 2635 1171 2692 HEBRAICI
1208 2636 1414 2693 ΤΕΧΤ.

543 2757 594 2809 6.
622 2755 756 2812 Tota
787 2757 872 2811 die
900 2759 1062 2812 verba
1082 2774 1200 2812 mea
1222 2759 1410 2813 dolore
1429 2757 1510 2812 af-

475 2827 671 2881 ﬂcient.
708 2842 872 2896 super
904 2843 991 2880 me
1016 2844 1206 2882 omnes
1228 2829 1510 2894 cogitatio-

476 2913 572 2949 nes
625 2911 812 2949 eorum
880 2897 932 2949 in
988 2899 1212 2950 malum.
1269 2897 1510 2961 Hierom,

477 2975 583 3018 tota
607 2965 693 3018 die
713 2965 1056 3020 sermonibus
1077 2982 1162 3020 me
1178 2966 1509 3036 allligebaut:

477 3045 668 3105 emura
697 3050 784 3088 me
811 3051 1003 3090 omnes
1040 3036 1396 3105 cogitationes
1422 3051 1516 3091 eo-

478 3122 597 3158 rum
639 3104 692 3158 iu
734 3105 956 3158 malum.

547 3198 603 3262 7,
634 3197 686 3252 8.
719 3197 1236 3264 Commorabuntur,
1283 3199 1517 3253 abscou--

476 3268 607 3321 dent
644 3282 724 3333 se,
774 3267 879 3337 ipsi
911 3268 1134 3338 vestigia
1170 3284 1290 3322 mea
1324 3269 1513 3322 obser-

481 3338 704 3402 vabunt,
735 3347 793 3390 ut
811 3347 1257 3408 exspectaverunt
1279 3339 1514 3391 animam

477 3421 682 3470 meam,
733 3421 896 3475 super
944 3408 1280 3477 iniquitatem
1332 3408 1515 3462 evasio

477 3478 563 3547 eis
587 3495 600 3530 :
636 3477 784 3547 inira
808 3477 1036 3547 populos
1052 3478 1380 3533 descendere.
1406 3477 1514 3539 fac,

485 3546 644 3618 Deus.
659 3545 899 3618 "ieram,
915 3548 1312 3618 cengregabunt
1323 3563 1386 3601 ur
1400 3548 1519 3601 abs-

479 3616 721 3680 condi-te,
775 3616 989 3684 plantas
1032 3616 1197 3671 meas
1263 3618 1520 3672 observa—

487 3686 620 3739 lmnt
641 3703 656 3740 :
675 3693 1051 3754 exspectantes
1071 3687 1304 3741 animam
1319 3701 1516 3741 meam.

481 3755 617 3822 Quia
652 3755 831 3810 nullus
865 3763 946 3810 est
984 3757 1167 3812 salvus
1201 3757 1254 3809 in
1302 3757 1419 3812 cis:
1463 3757 1518 3812 in

487 3828 668 3880 furore
700 3825 929 3894 pepulos
955 3827 1202 3881 detrahet
1237 3825 1398 3882 Deus.

556 3914 611 3974 9,
652 3914 740 3970 10.
784 3912 1076 3968 Motionem
1117 3930 1291 3970 meam
1328 3930 1521 3970 nume-

485 3984 659 4038 rasti:
699 3993 753 4037 tu
804 3998 942 4056 pone
997 3985 1291 4056 laerymam
1343 4000 1520 4056 meam

486 4057 542 4106 in
574 4061 691 4107 utre
730 4063 842 4106 tuo.
883 4051 1075 4108 Nonne
1114 4051 1180 4107 'in
1219 4055 1356 4108 libro
1384 4054 1522 4108 tuo?

485 4124 641 4177 'I‘unc
665 4132 1044 4176 convertentur
1074 4123 1278 4177 inimici
1310 4124 1414 4177 mei
1441 4139 1523 4177 re-

489 4205 768 4246 trorsum:
828 4190 881 4242 in
943 4191 1029 4244 die
1077 4192 1344 4245 clamabo.
1409 4191 1523 4247 Hoc

486 4261 603 4316 scio
630 4261 757 4329 quia
789 4259 930 4315 Deus
961 4261 1111 4314 mihi.
1152 4259 1393 4326 Hierom,
1434 4277 1520 4316 se-

486 4332 720 4385 cretiora
755 4345 872 4384 mea
905 4331 1226 4390 numerasti.
1269 4345 1410 4400 pone
1445 4332 1522 4384 la-

485 4415 728 4471 erymam
767 4415 943 4454 meam
985 4401 1038 4453 in
1061 4411 1361 4471 conspectu
1375 4408 1517 4471 tuo:

487 4469 582 4525 sed
616 4486 722 4524 non
773 4471 824 4524 in
852 4470 1179 4535 narratione
1210 4469 1334 4525 tua.
1371 4469 1522 4525 Tunc

485 4549 869 4594 convertentur
923 4540 1128 4594 inimici
1162 4541 1266 4594 mei
1318 4550 1519 4594 retror-

487 4627 650 4664 sum:
693 4610 746 4663 in
795 4624 1138 4679 quacumque
1186 4611 1274 4665 die
1307 4609 1526 4665 invoca-

488 4695 615 4735 vero
630 4689 700 4735 te.
717 4679 832 4734 Hoc
847 4681 961 4734 scio
978 4681 1104 4750 quia
1121 4679 1262 4735 Deus
1276 4697 1428 4734 meus
1441 4696 1520 4734 es.

561 4770 758 4832 11,12.
790 4769 845 4823 ln
883 4769 993 4824 Deo
1020 4771 1253 4826 laudabo
1285 4786 1396 4825 rem
1425 4790 1438 4823 :
1470 4771 1522 4824 in

489 4841 719 4893 llomino
743 4841 976 4894 laudabo
1005 4842 1300 4910 negotium.
1331 4840 1388 4895 lu
1419 4841 1525 4895 Deo

488 4910 599 4979 fidi,
634 4910 980 4979 nouitimebo
1006 4910 1134 4979 quid
1168 4910 1330 4965 faciat
1363 4913 1526 4966 homo

488 4974 642 5033 mihi.
714 4978 958 5043 llieron.,
1013 4974 1067 5034 in
1126 4979 1236 5034 Deo
1295 4981 1526 5035 laudabo

490 5049 733 5113 Verbum,
761 5051 813 5122 i_n
843 5050 1072 5122 Domino
1095 5051 1398 5122 praedicabo
1419 5067 1526 5105 ser-

490 5133 724 5190 monem.
753 5118 820 5190 lu
840 5121 964 5190 Deo
1013 5118 1248 5190 speravi,
1303 5136 1412 5176 non
1454 5122 1523 5174 ti-

491 5189 647 5242 mebo
671 5189 798 5258 quid
832 5188 995 5244 faciat
1025 5188 1184 5245 homo
1211 5191 1366 5245 mihi.

557 5280 642 5333 15.
689 5278 864 5346 Super
896 5297 1001 5340 me.
1042 5280 1196 5346 Deus,
1220 5293 1342 5336 vota
1390 5292 1520 5335 tua:

491 5351 710 5404 reddam
767 5351 952 5404 laudes
997 5352 1116 5406 tibi.
1177 5351 1418 5416 Hieron.,
1470 5352 1523 5405 in

487 5434 576 5472 me
605 5432 752 5481 sunt,
781 5419 943 5484 Deus,
967 5433 1090 5474 vota
1138 5432 1227 5476 tua
1252 5440 1265 5475 :
1306 5423 1526 5477 reddam

490 5491 786 5556 gratiarum
821 5491 1064 5544 aczioazs
1096 5493 1212 5546 tibi.

561 5579 649 5634 14.
681 5581 759 5634 Ad
784 5581 1237 5634 deambulandum
1261 5584 1325 5636 ad
1370 5580 1532 5637 facies

491 5647 582 5702 Dei
630 5650 683 5703 iu
721 5653 923 5704 lumine
956 5652 1526 5715 viventium.“ieram,

492 5729 551 5771 ut
583 5721 853 5775 ambulem
888 5737 1073 5776 coram
1103 5721 1211 5779 Deo
1239 5723 1289 5775 in
1325 5723 1528 5776 lumine

493 5790 806 5846 viventium.

1538 355 2005 415 llEXAPLORlJM
2045 358 2208 424 QUAE
2253 356 2565 413 SUPEIKSU
2577 357 2682 412 NT.

1852 477 1940 529 Τί)
1973 468 2317 529 ΕΒΡΑῘΚΟΝ

1756 545 2085 616 Ἑλληνικοῖς
2121 546 2430 617 γράμμασι.

1656 641 1709 694 6.

1648 869 1702 934 7,
1733 869 1787 926 8.

1645 1381 1698 1444 9,
1725 1378 1803 1432 ιο.

1653 1883 1841 1947 11,1'2.

1659 2181 1742 2235 13.

1657 2340 1743 2393 Η.

1779 2635 2109 2691 VULGATA
2143 2635 2417 2692 LATINA.

1649 2758 1702 2812 6.
1745 2756 1879 2814 Tota
1898 2758 1984 2814 die
2014 2759 2175 2812 verba
2209 2774 2329 2813 mea
2369 2772 2619 2813 exsecra-

1581 2827 1802 2891 bantur,
1850 2830 2137 2883 adversum
2172 2845 2259 2883 me
2292 2843 2482 2882 omnes
2529 2843 2624 2882 eo-

1583 2897 1871 2966 gitationes
1894 2913 2086 2953 eorum
2116 2898 2170 2952 in
2196 2899 2420 2952 malum.

1659 3195 1710 3263 7,
1734 3198 1765 3251 8
1803 3195 2187 3253 lnhabitabunt
2199 3197 2625 3255 etabscondent:

1589 3268 1687 3336 ipsi
1753 3270 2068 3322 calcaueum
2143 3283 2326 3323 meum
2371 3270 2629 3324 observa-

1591 3337 1744 3391 buut.
1783 3337 1938 3391 Sicut
1982 3338 2363 3394 sustinuerunt
2392 3341 2627 3394 animam

1592 3423 1789 3471 meam,
1804 3423 1904 3475 pro
1922 3409 2093 3462 nihilo
2111 3409 2291 3463 salvos
2305 3409 2469 3464 facies
2486 3410 2627 3475 illos,

1591 3478 1644 3530 in
1671 3476 1747 3530 ira
1777 3478 2006 3546 populos
2035 3478 2360 3549 conl'ringes,
2397 3477 2557 3534 Deus.

1667 3915 1722 3976 υ,
1760 3911 1846 3966 10.
1887 3910 2062 3966 Vitam
2091 3927 2267 3967 meam
2311 3910 2630 3967 annuntiari

1597 3982 1736 4037 tibi:
1789 3983 2018 4051 posuisti
2069 3984 2335 4052 lacrymas
2383 3997 2531 4036 meas
2579 3982 2631 4035 in

1595 4060 1891 4122 conspectu
1917 4062 2030 4114 tuo,
2058 4051 2198 4106 sicut
2229 4061 2281 4106 et
2311 4051 2365 4104 in
2401 4052 2631 4119 promis-

1595 4121 1748 4176 sione
1789 4128 1922 4174 tua:
1952 4128 2082 4174 tunc
2127 4121 2634 4175 convertenturini-

1596 4191 1722 4244 mici
1761 4191 1864 4243 mei
1904 4201 2226 4244 retrorsum.
2263 4191 2318 4242 lu
2369 4204 2633 4257 quacum-

1595 4275 1700 4329 que
1733 4260 1819 4313 die
1851 4259 2174 4312 invocaret-0
2223 4268 2272 4313 te
2305 4275 2319 4310 :
2363 4273 2490 4311 ecce
2540 4275 2633 4311 eo-

1594 4330 1754 4399 guovi
1786 4332 2040 4397 quoniam
2083 4329 2221 4383 Deus
2251 4344 2403 4382 meus
2435 4344 2514 4380 es.

1670 4769 1758 4832 11,
1793 4768 1876 4822 12.
1902 4770 1954 4820 lu
1982 4767 2090 4821 Deo
2136 4767 2368 4821 laudabo
2393 4767 2634 4827 verbum,

1599 4840 1651 4892 in
1683 4838 1908 4892 Domino
1945 4838 2177 4891 laudabo
2201 4853 2502 4891 sermonem
2536 4855 2548 4888 :
2585 4837 2636 4888 in

1597 4906 1708 4962 Deo
1741 4907 1976 4978 speravi,
2015 4923 2122 4961 non
2154 4907 2354 4961 timebo
2397 4908 2525 4974 quid
2560 4904 2638 4958 fa-

1596 4978 1704 5033 ciat
1743 4978 1874 5032 mihi
1910 4978 2090 5031 homo.

1673 5281 1756 5335 l5.
1790 5279 1843 5332 lu
1879 5294 1964 5334 me
2000 5287 2147 5343 sunt,
2177 5277 2336 5341 Deus,
2371 5285 2492 5329 vota
2522 5283 2634 5340 tua,

1599 5367 1721 5421 quae
1753 5351 1994 5414 reddam,
2019 5347 2356 5403 laudationes
2379 5346 2493 5401 tibi.

1675 5586 1761 5639 14.
1801 5581 1868 5637 Ut
1917 5583 2155 5649 placeam
2193 5598 2376 5638 coram
2427 5579 2534 5636 Deo
2581 5583 2634 5635 in

1603 5654 1805 5710 lumine
1843 5654 2157 5707 viventium.

3601 346 3698 400 δῧΰ

3061 467 3356 522 ΑΚΥΛᾹΣ.

2760 637 2808 687 li.

2758 867 2811 929 7,
2855 865 2906 918 8.
2981 864 3107 917 Ἐπὶ
3157 860 3436 930 ἀνωφελὲς
3493 859 3705 930 etiame:

2687 928 2908 999 αὐτὸύς.
2935 935 3022 988 Ἐν
3059 934 3196 1002 ὀργῇ
3235 928 3398 994 me;
3425 928 3706 984 καταϐίϐα-

2688 1022 2797 1059 σον.

2759 1375 2812 1441 9,
2847 1375 2933 1431 10.
2965 1375 3097 1428 Τότε
3127 1371 3534 1442 ἐπιστρέφουσι.

2763 1884 2850 1946 1|,
2888 1882 2972 1935 12.
3022 1883 3109 1934 Ἑν
3141 1881 3220 1950 τῷ
3239 1880 3359 1950 Θεῷ
3393 1881 3710 1949 καυχήσομαι

2693 1954 2865 2026 ῥῆμα,
2889 1956 2944 2006 ὲν
2970 1951 3048 2020 τῷ
3078 1950 3198 2021 Θεῷ
3229 1951 3458 2021 ὑμνήσω
3486 1950 3650 2016 λόγον.

2772 2185 2853 2238 13.

2773 2345 2854 2397 11.

3079 2637 3358 2705 AQUILA.

2775 2759 2827 2811 ὑ.

2777 3200 2829 3262 7,
2873 3200 2925 3254 8.
2975 3199 3053 3254 Ad
3104 3198 3448 3254 inutilitatem
3505 3202 3708 3254 servavit

2703 3286 2834 3393 ([305:
2887 3272 2939 3324 in
2993 3273 3072 3324 ira
3129 3271 3358 3340 populos
3415 3271 3706 3325 descendere

2727 3358 2808 3393 81'.

2727 3358 2808 3394 ac.

2775 3919 2830 3985 9,
2868 3917 2950 3973 10.
2987 3916 3139 3974 Tunc
3169 3927 3483 3974 convertent
3509 3933 3574 3973 sc.

2783 4775 2802 4826 1
2822 4775 2866 4837 l,
2886 4774 2970 4829 1‘2.
2993 4772 3048 4826 In
3068 4771 3177 4827 Deo
3198 4771 3470 4841 gloriabor
3493 4765 3688 4829 verbum,

2712 4844 2762 4898 in
2796 4845 2902 4898 Deo
2928 4843 3214 4900 celebrabo
3245 4853 3593 4898 sermonem...

2781 5285 2864 5338 15.

2783 5589 2868 5642 Η.
