3974 6276
549 415 652 471 919

812 530 899 583 ΤΟ
928 528 1291 585 ΕΒΡΛΙΚΟΝ.

543 705 671 759 mu
708 676 885 752 amba
923 676 1145 755 11151757:
1190 698 1316 749 imi
1360 670 1445 747 πθ
1479 688 1510 739 5

1012 791 1131 839 om
1170 761 1384 841 ﬁxi-'5‘;
1421 760 1581 839 .1535?

543 930 882 1009 nant-jam
930 902 1112 977 amb
1159 926 1172 967 I
1216 924 1280 975 av
1320 925 1435 996 12.1
1446 914 1581 1044 Bg“:

801 1138 936 1216 dm
985 1170 998 1205 ι
1041 1159 1269 1211 1mm:
1308 1135 1439 1208 Sim
1477 1149 1505 1199 7

537 1299 646 1375 4m
676 1324 918 1375 ειν-τήτῃ
949 1323 1156 1376 rinam
1185 1323 1507 1377 ενηιειλνεθν
1584 1281 1591 1295 ’

1284 1368 1397 1445 ass
1420 1368 1575 1444 irim

849 1532 1023 1609 πηὲηη
1059 1533 1153 1633 51p
1188 1556 1431 1611 mnium
1470 1548 1501 1602 8

536 1694 781 1797 inn-n51
833 1718 1027 1772 cum:
1072 1718 1237 1772 utve:
1273 1717 1435 1797 jam
1470 1710 1503 1762 9

1233 1783 1383 1861 1:52-1
1418 1781 1571 1858 221735

937 2157 1158 2211 mima
1192 2157 1397 2209 ‘lJl'lRlﬂ
1440 2149 1495 2201 H

872 2318 1100 2373 taurus:
1137 2318 1326 2389 arma
1360 2319 1502 2369 nm:

1234 2451 1389 2527 ams
1434 2467 1498 2519 12

941 2706 1094 2762 ’τίειν
1129 2704 1230 2759 ΊΥΞ
1264 2706 1397 2756 nm:
1439 2698 1505 2751 14

1233 2776 1398 2852 of)»:
1438 2792 1506 2845 15

629 2976 879 3036 VERSIO
916 2977 1237 3035 HEBRAICI
1277 2977 1482 3032 TEXT.

609 3072 662 3126 5.
697 3072 771 3126 Ite
808 3080 862 3126 et
898 3070 1076 3125 videte
1109 3085 1274 3140 opera
1307 3070 1441 3125 Dei:
1472 3077 1579 3124 ter-

1940 530 2027 581 ΤΟ
2067 530 2411 583 ΕΒΡΑΙΚΟΝ

1846 598 2175 670 Ἑλληνικοῖς
2199 600 2524 671 γράμμασι]

1723 666 1776 743 5;

1725 919 1775 974 6.

1726 1149 1773 1205 7.

1723 2147 1809 2201 ll.

1720 2471 1805 2524 η.

1721 2702 1807 2755 Η.

1724 2788 1807 2842 15.

1844 2973 2167 3030 VULGATA
2205 2973 2479 3032 LATINA.

1725 3068 1775 3120 5.
1812 3065 2001 3121 Venite
2033 3076 2087 3119 et
2129 3066 2305 3121 videte
2354 3081 2517 3135 opera
2554 3066 2687 3121 Dei:

536 3142 713 3196 ribilis
768 3156 930 3210 Opere
988 3135 1162 3210 super'
1208 3141 1348 3194 filios
1401 3140 1579 3194 homi-
1652 3135 1907 3210 terribilis
1956 3141 2009 3190 in
2040 3138 2284 3193 consiliis
2330 3151 2490 3207 super
2545 3138 2686 3192 filios

536 3228 687 3265 num.
723 3206 963 3276 Hiéron.,
989 3206 1170 3263 vehite
1213 3219 1266 3265 et
1311 3210 1485 3266 videte
1519 3226 1578 3265 o-
1652 3206 1951 3260 hominum.

534 3297 662 3350 pera
690 3281 782 3335 Ιιεὶ
817 3300 829 3334 :
859 3279 1124 3335 terribilia
1158 3280 1387 3335 consilia
1416 3294 1579 3350 super

534 3352 660 3411 ﬁliis
689 3351 995 3405 hominum.

606 3440 660 3496 6.
706 3442 986 3497 Convertit
1030 3457 1181 3497 mare
1228 3442 1281 3498 in
1330 3442 1574 3498 aridam:

536 3514 591 3570 in
630 3512 851 3567 ﬂumine
881 3513 1211 3568 transierunt
1250 3512 1403 3581 pede.
1448 3512 1577 3567 Hie-

536 3598 675 3644 ron.,
726 3584 990 3637 convertit
1023 3598 1173 3637 mare
1225 3584 1280 3637 in
1324 3583 1573 3638 aridam:

534 3656 588 3707 in
623 3652 845 3707 ﬂumine
878 3653 1284 3722 pertransibunt
1322 3653 1481 3722 pede.

605 3743 656 3797 7.
686 3742 977 3797 Dominans
1022 3744 1075 3798 in
1129 3743 1443 3799 fortitudine
1475 3760 1573 3799 sua

532 3823 817 3871 internum.
852 3813 1089 3878 Hierom,
1127 3814 1219 3883 qui
1264 3815 1575 3870 dominatur

535 3886 587 3944 in
615 3883 931 3939 fortitudine
969 3898 1066 3938 sua
1093 3886 1312 3940 saeculo.

608 3975 762 4029 Oculi
801 3975 917 4044 ejus
944 3975 999 4028 in
1032 3987 1217 4043 gentes
1255 3977 1569 4045 respiciunt,

534 4046 762 4099 rebelles
803 4060 870 4114 ne
924 4045 1135 4098 elevent
1174 4047 1403 4114 seipsos.
1448 4048 1573 4100 Hie-

534 4131 676 4179 ron.,
715 4113 854 4167 oculi
886 4114 1003 4181 ejus
1037 4123 1223 4181 gentes
1258 4113 1569 4182 aspiciunt,

537 4185 631 4251 qui
666 4183 929 4236 increduli
959 4191 1087 4236 sunt
1119 4198 1227 4236 non
1266 4185 1570 4239 exaltentur

536 4254 591 4306 in
621 4252 946 4321 semetipsis.
1352 4276 1355 4279 ι

606 4345 660 4399 8.
691 4343 755 4398 Et
780 4345 1021 4400 auditam
1051 4346 1213 4401 facite
1242 4360 1428 4400 vocem
1455 4346 1573 4401 lau-

534 4415 618 4471 dis
652 4416 789 4485 ejus.
833 4415 1075 4481 Hierom,
1112 4417 1186 4470 id.

604 4512 657 4567 9.
704 4509 920 4567 Ponens
959 4514 1196 4566 animam
1242 4523 1481 4567 nostram
1518 4514 1571 4568 in

533 4583 723 4649 vitam,
764 4592 818 4637 et
848 4599 954 4636 non
982 4583 1131 4637 dedit
1159 4584 1222 4637 ad
1273 4584 1571 4638 nutandum

534 4654 699 4723 pedes
762 4662 999 4707 nostros.
1048 4652 1293 4718 Hieron.,
1332 4655 1423 4723 qui
1479 4670 1573 4723 po-

534 4724 644 4777 suit
693 4725 931 4779 animam
988 4730 1230 4779 nostram
1284 4726 1349 4777 ad
1385 4725 1573 4791 vitam,

534 4802 589 4846 et
618 4809 727 4846 non
759 4794 906 4847 dedit
940 4794 996 4846 in
1023 4794 1446 4849 commotionem
1483 4810 1575 4863 pe—

535 4864 629 4917 des
657 4872 895 4918 nostros.

607 4957 694 5010 ll.
752 4954 1098 5011 lntroduxisti
1162 4973 1264 5013 nos
1330 4961 1383 5012 in
1440 4968 1573 5015 rete.

536 5024 781 5151 έζὶενοηη
810 5026 1158 5082 introduxisti
1206 5044 1304 5083 nos
1334 5030 1387 5082 in
1429 5030 1575 5085 obsi-

573 5110 771 5151 Ionem.

607 5187 844 5243 Posuisti
882 5190 1302 5244 coarctatiouem
1332 5195 1387 5245 in
1434 5194 1575 5246 lum-

536 5256 622 5311 bis
653 5259 871 5329 nostris.
912 5258 1153 5323 Πίθωνι,
1186 5261 1415 5329 posuisti
1448 5264 1573 5317 stri—

478 5332 487 5339 '
537 5329 725 5381 dorem
761 5328 814 5381 in
850 5329 1013 5384 dorso
1045 5328 1256 5385 nostro.

609 5418 695 5471 12.
727 5418 807 5472 Ad
839 5419 1113 5489 irriguam.
1145 5421 1385 5489 Hieron.,
1412 5423 1464 5477 in
1488 5438 1572 5478 re-

536 5489 837 5558 frigerium.
1416 5512 1419 5513 ν

609 5585 696 5638 14.
730 5585 860 5651 Quae
889 5599 1216 5655 aperuerunt
1256 5591 1397 5646 labia
1431 5606 1572 5647 mea.

536 5656 778 5720 Hierom,
828 5672 961 5726 qure
997 5662 1367 5729 promiserunt
1434 5662 1575 5717 labia

538 5740 677 5780 mea.

612 5815 697 5874 15.
734 5817 999 5876 Ariclum.
1033 5818 1272 5888 "ieram,
1306 5822 1379 5877 id.

1720 3438 1772 3493 6.
1810 3439 1910 3505 Qui
1954 3424 2227 3494 'convertit
2277 3454 2426 3494 mare
2466 3440 2519 3494 in
2578 3441 2687 3495 ari-

1648 3507 1814 3633 daan:
1881 3511 1934 3564 in
2002 3509 2221 3564 ﬂumine
2280 3510 2688 3579 pertransibunt

1648 3593 1714 3633 ne
1755 3594 1802 3633 e.

1648 3593 1802 3647 peue.

1720 3741 1769 3795 7.
1809 3742 1910 3807 Qui
1937 3740 2244 3797 dominatur
2274 3742 2327 3797 in
2364 3720 2560 3799 virtute
2584 3759 2681 3801 sua

1646 3812 1697 3865 in
1725 3821 2003 3868 aeternum.

1715 3955 1867 4028 Oculi
1913 3974 2031 4043 ejus
2079 3990 2242 4044 super
2285 3985 2470 4047 gentes
2510 3977 2682 4045 respi-

1645 4043 1814 4108 ciunt,
1854 4047 1962 4124 .qui
2002 4043 2327 4125 exasperarit
2379 4063 2487 4103 non
2535 4043 2681 4103 exal-

1648 4123 1827 4168 tentur
1850 4130 1905 4166 ιη
1937 4123 2261 4183 semetipsis.

1714 4344 1768 4399 8.
1805 4344 1867 4399 Et
1892 4344 2131 4399 auditam
2162 4345 2319 4402 facite
2347 4363 2531 4404 vocem
2564 4349 2684 4406 lau-

1644 4415 1726 4470 dis
1753 4415 1891 4485 ejus.

1713 4512 1764 4566 9.
1798 4510 1901 4577 Qui
1930 4510 2110 4580 posuit
2138 4511 2373 4566 animam
2415 4528 2588 4567 meam
2617 4514 2684 4568 ad

1645 4583 1833 4644 vitam,
1866 4589 1919 4635 et
1966 4598 2071 4634 non
2107 4583 2253 4637 dedit
2283 4585 2337 4637 in
2365 4585 2685 4639 commotio-

1648 4667 1768 4705 nem
1798 4652 1962 4721 pedes
1988 4667 2154 4707 meos.

1720 4954 1800 5007 ll.
1831 4954 2091 5009 lnduxisti
2126 4968 2222 5009 nos
2251 4955 2304 5010 in
2338 4957 2611 5027 laqueum.

1718 5188 1952 5245 Posuisti
1994 5191 2369 5247 tribulationes
2422 5192 2475 5246 in
2522 5192 2686 5249 dorso

1646 5270 1852 5315 nostro.

1722 5427 1806 5482 l2.
1841 5428 1897 5483 In
1927 5428 2286 5499 refrigerium.

1721 5592 1805 5647 14.
1832 5592 1963 5659 Quae
1983 5594 2348 5651 distinxerunt
2377 5594 2520 5651 labia
2543 5610 2682 5651 mea.

1724 5825 1807 5880 15.
1842 5825 2104 5881 Ariclum.

1600 411 2075 470 llEXAPLURUM
2116 414 2281 481 (ὶυῶ
2329 415 2759 474 SUPERSUNT.
3682 418 3767 476 9‘5)

3143 530 3457 583 AKTAAL‘.’

2730 691 2888 744 .5.

2836 920 2887 974 6.

2826 1152 2888 1222 '7.
2915 1150 3003 1222 Τῷ
3032 1150 3396 1222 ἐξουσιάζοντι
3444 1152 3503 1205 ἐν
3546 1153 3607 1221 τῇ
3646 1150 3766 1208 6w:-

2768 1221 2917 1293 στείᾳ
2946 1221 3111 1275 αὐτοῦ
3140 1222 3205 1274 δι’
3234 1222 3448 1286 αἰῶνος.

2835 1314 2896 1370 Οἱ
2934 1314 3309 1385 ἀφιστάμενοι.

2831 1548 2881 1603 8.

2830 1710 2883 1767 9.

2761 2236 2799 2291 μ
2828 2150 2914 2206 ‘ll.
2948 2150 3252 2223 Εξσήγαγες
3307 2155 3456 2225 ἡμᾶς
3494 2155 3551 2208 ἐν
3591 2155 3765 2227 ὀχυρώ-

2803 2237 2908 2275 ατι.

2803 2237 2908 2275 ατι.

2742 2368 2780 2389 __
2835 2311 3077 2389 :Eﬂnxa;
3132 2315 3463 2389 τρισμδνξέν
3523 2317 3599 2388 τῷ

2757 2381 2929 2451 ἡμῶν.

2832 2474 2919 2530 12.

2833 2702 2920 2756 14.

2838 2791 2925 2848 15.

3145 2975 3423 3045 AQUILA.

2839 3070 2892 3123 5.

2830 3443 2883 3498 6.

2830 3750 2880 3806 7.
2923 3750 3232 3826 Dominanti
3275 3754 3329 3808 in
3390 3753 3615 3826 potentia
3682 3767 3759 3807 sua

2754 3835 2850 3891 per
2874 3822 3151 3879 smeulum.

2828 3983 2931 4050 Qui
2958 3982 3275 4040 abscedunt.

2827 4360 2880 4416 8.

2827 4523 2878 4579 9.

2829 4966 2915 5019 ll.
2970 4964 3324 5021 lntroduxisti
3369 4978 3467 5023 nos
3504 4962 3549 5016 in
3599 4956 3745 5014 muni-

2756 5046 3018 5092 mentum.

2826 5196 3059 5253 Posuisti
3091 5196 3377 5253 stridorem
3411 5195 3465 5251 in
3493 5194 3635 5251 dorso
3660 5200 3740 5242 no-

2757 5276 2887 5323 stro.

2829 5430 2917 5486 ω.

2828 5593 2914 5647 Ην.

2828 5822 2916 5879 15.
