3974 6276
329 299 464 355 1037

636 403 1039 460 ΣΥΜΜΑΧΟΣ.

392 570 479 624 15.
526 568 612 620 Ἐν
631 564 884 634 ὀλιγίστῳ
914 563 978 617 ἂν
1001 561 1227 634 ἐχθροὺς
1260 561 1356 614 αὺ-

203 651 207 654 ’
317 640 429 693 τῶν
475 633 735 708 ἧττησαί
770 633 867 708 acati.
901 633 993 708 ἐπὶ
1038 635 1178 708 τοὺς⁸
1209 633 1358 708 ἐναν-

316 709 467 793 τὶρυς
498 702 675 760 αὐτῶν
698 703 1003 775 ἀνέστρεψα
1035 703 1100 756 ἂν
1130 702 1226 772 τὴν
1249 704 1358 771 χεῖ-

466 795 550 832 ου.

317 797 392 851 ρα
425 797 550 849 μου.

390 868 476 921 16.
505 865 790 953 Maronem!
838 862 1041 933 Κυρίου
1072 862 1121 914 οἱ
1154 860 1358 930 ψευσά-

318 953 470 1009 μενοι
492 953 657 1006 αυτῳ.

400 1031 539 1084 Ἀλλ’
586 1030 737 1084 ἔσται
793 1031 821 1082 ὁ
856 1025 1046 1097 καιρὸς
1071 1022 1249 1076 αὐτῶν
1282 1024 1361 1086 εἰς

309 1106 407 1158 τὸν
429 1103 620 1156 αἰῶνα.

602 1189 1043 1250 SYMMACHUS.

393 1525 480 1579 15.
505 1523 561 1577 In
588 1523 816 1577 minimo
853 1522 1077 1576 forsitan
1107 1521 1357 1574 inimicos

321 1610 508 1650 eorum
537 1595 969 1664 prostravissem,
1009 1600 1061 1646 et
1083 1605 1244 1658 super
1267 1590 1362 1644 ad-

321 1662 592 1720 versarios
618 1679 806 1719 eorum
833 1662 1116 1717 vertisscm
1141 1674 1359 1713 manum

322 1750 519 1789 meam.

348 2034 358 2044 ο
395 1961 478 2044 1d.
503 1961 760 2043 0dientes
778 1958 1071 2016 Dominum
1104 1959 1196 2029 qui
1214 1973 1360 2013 men-

322 2040 533 2087 tiuntur
558 2040 627 2086 ei.

392 2193 502 2318 1Sed
537 2193 644 2249 erit
689 2200 904 2261 tempus
934 2205 1123 2246 eorum
1168 2190 1222 2244 in
1256 2205 1359 2245 sae-

416 2279 523 2318 um.

321 2279 523 2320 Clllllm.

1639 288 1958 344 PSALMUS
1998 287 2234 343 LXXXI.

1919 409 1993 456 U’.

1499 562 1586 636 15.
1619 562 1704 636 Ἐν
1720 561 1795 632 τῷ
1814 563 2000 636 μηδενὶ
2019 563 2086 616 ἂν
2100 564 2226 636 τοὺς
2247 564 2473 636 ἐχθροὺς

1429 632 1606 685 αὐτῶν
1668 632 2027 696 ἐταπείνωσα,
2063 634 2154 686 καὶ
2201 632 2308 687 ὲπῖ
2345 632 2472 697 τοὺς

1431 702 1709 776 θλίϐοντας
1748 703 1943 766 αὐτοὺς
1967 702 2231 756 ἐπέϐαλον
2264 705 2329 758 ἂν
2374 706 2471 776 τὴν

1431 773 1588 843 χεῖρά
1623 789 1744 842 μου.

1477 863 1588 951 .19.
1614 865 1674 916 Οἱ
1699 863 1882 934 ἐχθροὶ
1935 866 2139 935 Κυρίου
2179 865 2472 934 ἐψεύσαντο

1432 951 1596 987 αυτω.

1474 985 1613 1108 ξξίέκι
1637 1023 1785 1079 ἔσται
1811 1027 1838 1078 ό
1864 1026 2051 1096 καιρὸς
2075 1027 2252 1080 αὐτῶν
2281 1029 2359 1092 εἰς
2383 1029 2473 1080 τὸν

1433 1110 1620 1148 αιωνα.

1623 1186 1761 1240 LXX
1806 1187 2284 1244 INTERPRETES
2299 1225 2314 1239 .

1511 1515 1596 1569 15.
1653 1515 1756 1569 Pro
1804 1515 1974 1568 nihilo
2031 1514 2257 1569 forsitan
2292 1515 2472 1569 inimi-

1435 1599 1530 1638 cos
1566 1600 1754 1638 eorum
1791 1585 2186 1652 humiliassem,
2224 1593 2277 1640 et
2314 1601 2476 1655 super

1438 1655 1761 1710 tribulantes
1795 1668 1889 1708 eos
1934 1656 2202 1709 misissem
2255 1671 2474 1710 manum

1435 1740 1630 1778 meam.

1471 2022 1482 2032 .
1510 1951 1596 2006 16.
1625 1951 1837 2009 Inimici
1869 1954 2083 2010 Domini
2115 1957 2324 2011 mentiti
2349 1967 2478 2011 sunt

1436 2035 1508 2076 Cl.

1436 2255 1451 2308 Ι
1508 2183 1575 2238 Ει
1605 2184 1709 2238 erit
1748 2193 1960 2255 tempus
1992 2201 2184 2243 eorum
2219 2188 2274 2242 in
2309 2203 2479 2245 saecu-

1457 2269 1569 2308 um.

1457 2269 1569 2308 um.

2867 401 3268 458 ΘΕΟΔΟΤΙΩΝ.

2621 565 2703 620 15.

2618 867 2698 921 16.

2864 1183 3273 1245 ΤΠΕΟΒΟΤΙΟ.

2621 1520 2708 1575 15.

2631 1963 2713 2016 16.

1139 2355 1312 2416 Notaa
1335 2358 1398 2412 et
1446 2349 1638 2412 variae
1684 2349 1991 2414 lectiones
2028 2353 2108 2415 ad
2152 2353 2472 2415 Psalmum
2507 2354 2766 2415 LXXX.

400 2457 460 2511 V.
495 2458 584 2514 10.
619 2459 723 2523 ‘A.,
752 2458 853 2512 οὐκ
882 2457 1036 2511 ἔσται
1065 2465 1170 2512 etc.
1203 2455 1494 2512 Eusebius.
1533 2453 1615 2508 Ad
1661 2452 1913 2525 Symma-

323 2529 488 2582 chum
540 2544 669 2584 vero
721 2529 1062 2584 Colbertinus
1138 2541 1302 2597 supra
1345 2531 1688 2597 memoratus
1749 2525 1912 2580 habet

324 2598 639 2668 πρόσφατος
669 2614 768 2668 pro
808 2597 956 2662 ξένος
989 2636 1004 2658 ,
1039 2611 1173 2652 voce
1207 2595 1470 2668 ’videlicet
1513 2595 1799 2665 desumpta
1837 2611 1905 2652 ex

325 2665 580 2724 versione
611 2665 719 2722 τῶν
747 2670 828 2735 0',
863 2669 954 2722 ubi
984 2668 1203 2737 legitur,
1223 2665 1552 2737 πρόσφατος.

401 2739 534 2793 Ibid.
568 2740 651 2801 Σ.,

651 3161 1052 3216 ΣΥΜΜΔΧΟΣ.

400 3328 452 3382 1.
488 3327 546 3379 ’0
582 3325 714 3388 Θεὸς
767 3325 1001 3395 κατέστη
1055 3325 1112 3395 εν
1170 3325 1371 3395 συνόδῳ

325 3397 484 3463 Θεοῦ,
520 3398 578 3450 ὲν
608 3396 790 3467 μέσοις
813 3395 945 3457 Θεὸς
974 3394 1193 3466 κρίνων.

395 3490 450 3545 3.
492 3489 694 3558 Ἀγόνῳ
725 3487 818 3540 καὶ
845 3485 1085 3557 ὀρφανῷ.

400 3582 452 3636 5.
485 3579 961 3650 Περιτραπήσεται
991 3577 1166 3631 πάντα
1189 3578 1254 3630 τὰ
1285 3577 1371 3630 θε-

335 3652 492 3720 μέλια
521 3651 621 3720 τῆς
656 3650 778 3718 γῆς.

401 3742 453 3795 7.
505 3739 782 3812 magna;
815 3739 902 3812 ὡς
927 3738 1368 3812 ἅνθρωποι-ἀπο-

331 3804 596 3874 Θανεῖσθεξ
627 3809 719 3862 καὶ
741 3810 818 3874 ὡς
847 3804 926 3873 εἷς
949 3804 1058 3863 τῶν
1095 3807 1367 3878 ἀρχόντων

334 3880 605 3934 πεσεῖσθε.

404 3969 457 4024 8.
484 3969 712 4041 Στῆθιιὸ
735 3969 886 4033 Θεὸς,
917 3970 1114 4040 κρίνων
1130 3969 1225 4041 τὴν
1241 3971 1362 4041 γῆνζ

338 4043 403 4162 ἔξ
465 4039 588 4111 γὰρ
631 4039 1022 4112 κληρουχήσεις
1073 4039 1248 4092 πάντα
1302 4039 1372 4092 τὰ

400 4127 482 4180 νη.

614 4203 1054 4260 SYMMACHUS.

414 4296 466 4350 1.
511 4295 652 4352 Deus
678 4297 827 4351 stetit
865 4297 918 4349 in
960 4307 1101 4352 coetu
1151 4295 1266 4360 Dei,
1323 4296 1377 4350 in

341 4365 537 4421 mediis
568 4366 710 4421 Deus
738 4367 1011 4436 judicans.

415 4597 468 4650 5.
507 4595 686 4651 Sterili
711 4603 766 4650 et
794 4597 1056 4665 orphano.

417 4756 469 4810 5.
504 4754 824 4811 Evertentur
849 4755 1029 4810 omnia
1056 4753 1380 4809 fundamen-

345 4835 400 4880 ta
431 4835 604 4880 terras.

421 4986 471 5039 7.
532 4986 642 5041 Vos
707 4994 884 5041 autem

347 5125 562 5195 cipibus
599 5127 823 5181 cadetis.

423 5355 478 5410 8.
512 5354 627 5421 Sta,
674 5356 840 5421 Deus,
867 5356 1116 5424 judicans
1146 5365 1341 5412 terram
1373 5375 1386 5409 :

351 5431 412 5482 tu
435 5427 583 5482 enim
602 5427 946 5484 hareditabis
971 5442 1160 5482 omnes
1181 5435 1386 5497 gentes.

683 2738 818 2822 μηξὲ
846 2736 1080 2822 προσκξ.
1112 2736 1277 2822 Idem;
1297 2736 1809 2822 Colberti‘uuskm‘.

402 2807 458 2861 V.
495 2809 583 2876 12,
615 2804 701 2862 15.
745 2804 940 2874 ¹Α.,..’..
974 2808 1068 2860 καὶ
1110 2805 1466 2870 ὲξαπέστειλα
1498 2813 1604 2862 etc.
1653 2804 1900 2861 Drusius.

943 4988 1080 5042 sicut
1135 4987 1381 5041 homines

347 5055 660 5126 moriemini
691 5075 705 5122 ;
735 5066 788 5111 et
812 5058 952 5112 sicut
975 5072 1116 5112 unus
1142 5057 1208 5112 de
1238 5057 1388 5126 prin-

2078 2635 2142 2690 ν.
2175 2636 2262 2691 16.
2307 2639 2410 2704 Ἀ.,

1590 3059 1954 3123 PSALMUS
2009 3058 2300 3118 LXXXI.

1925 3165 2000 3215 θ’.

1513 3327 1563 3379 1.
1610 3325 1667 3378 Ὁ
1714 3326 1845 3388 Θεὸς
1901 3327 2028 3396 ἔστη
2079 3325 2137 3380 ὲν
2195 3327 2480 3396 συναγωγῇ

1444 3397 1600 3461 θεῶν,
1627 3397 1683 3447 ὲν
1715 3396 1863 3466 μέσῳ
1889 3396 1947 3450 δὲ
1970 3395 2124 3459 θεοὺς
2152 3395 2435 3465 διακρίνει.

1511 3490 1566 3542 5.
1607 3486 1869 3558 Ὀρφανὸν
1908 3487 2001 3540 καὶ
2031 3487 2265 3556 πτωχόν.

1510 3579 1562 3632 5.
1594 3578 1990 3648 Σαλευθήσεται
2029 3577 2204 3631 πάντα
2232 3577 2300 3629 τὰ
2333 3577 2485 3648 θεμέ-

1440 3647 1527 3702 λια
1547 3648 1644 3718 τῆς
1672 3649 1794 3720 γῆς.

1512 3740 1563 3822 '_7.
1607 3740 1796 3809 Ὑμεῖς
1826 3738 2481 3822 ῥὲρὼςνᾶνθρωίποηάπο-

1441 3802 1720 3881 θνήσκετὲ,
1754 3807 1849 3862 καὶ
1870 3808 1944 3870 ὡς
1971 3802 2051 3872 εἷς
2080 3802 2187 3862 τῶν
2209 3808 2483 3880 ἀρχόντων

1440 3879 1684 3932 πίπτετε.

1514 3968 1566 4022 8.
1603 3967 1862 4040 Ἀνάστα,
1903 3971 1930 4021 ὀ
1962 3968 2116 4040 Θεὸς,
2148 3971 2332 4040 κρῖνον
2387 3971 2483 4040 τὴν

1444 4039 1567 4108 γῆν,
1597 4039 1676 4090 ὃτι
1708 4038 2380 4110 σὸᾼκατακληρονομὴσεις
2426 4038 2484 4092 ἐν

1449 4107 1581 4162 πᾶσι
1610 4110 1722 4171 τοῖς
1746 4107 1970 4163 ἔθνεσιν.

1615 4202 1753 4257 LXX
1785 4203 2288 4259 INTEBPRETES.

1523 4299 1573 4350 1.
1608 4296 1751 4371 Deus
1782 4299 1932 4371 stetit
1962 4299 2018 4352 in
2049 4314 2323 4371 synagoga
2357 4300 2487 4371 deo-

1449 4381 1611 4489 sum:
1648 4368 1701 4421 in
1737 4368 1919 4424 medio
1963 4368 2145 4424 autem
2182 4368 2313 4425 deos
2354 4370 2490 4439 diju-

1490 4451 1567 4489 lca
1599 4476 1610 4488 .

1490 4451 1610 4492 lcal.

1520 4597 1574 4649 5.
1608 4594 1920 4666 Orphanum
1951 4605 2005 4650 et
2031 4612 2278 4674 egenum.

1525 4757 1575 4810 5.
1633 4757 1990 4813 Movebuntur
2055 4760 2236 4814 omnia
2299 4759 2493 4814 funda-

1456 4836 1630 4883 menta
1667 4838 1838 4882 terrae.

1529 4988 1579 5040 7.
1645 4986 1755 5042 Vos
1807 4996 1985 5042 autem
2044 4989 2184 5042 sicut
2243 4987 2493 5042 homines

1459 5057 1763 5112 moriemini
1790 5075 1804 5122 ;
1834 5066 1888 5112 et
1926 5059 2066 5114 sicut
2099 5075 2240 5114 unus
2266 5059 2332 5114 de
2352 5057 2495 5127 prin-

1459 5127 1669 5198 cipibus
1701 5129 1924 5184 cadetis.

1533 5355 1585 5409 8.
1618 5355 1809 5425 Surge,
1837 5355 1998 5416 Deus,
2046 5355 2226 5422 judica
2275 5366 2493 5425 terram,

1463 5427 1718 5495 quoniam
1752 5435 1806 5478 tu
1845 5426 2182 5482 haeredilabis
2232 5427 2283 5479 in
2319 5427 2499 5482 omni-

1464 5497 1566 5551 bus
1596 5496 1860 5564 gentibus.

2871 3163 3272 3220 ΘΕΟΔΟΤΙΩΝ.

2630 3326 2681 3377 1.

2614 3491 2648 3544 5
2663 3531 2676 3545 .
2703 3490 2923 3561 Πτωχὸν
2955 3489 3046 3546 καὶ
3068 3489 3322 3562 ὀρφανόν.

2630 3581 2684 3634 5.

2627 3743 2678 3795 ’7.

2625 3970 2676 4022 8.

2845 4207 3257 4268 THEODOTIO.

2635 4600 2685 4653 5.
2716 4599 2956 4670 Egcnum
2986 4611 3039 4657 et
3072 4603 3393 4674 orphanum.

2634 4762 2695 4815 5.

2640 4993 2694 5048 7.

3445 283 3584 341 1038

2011 2456 2324 2528 Symmachi
2348 2471 2477 2513 vero
2505 2456 2792 2513 lectionem
2842 2457 3056 2527 plenam
3089 2458 3250 2515 habet
3291 2459 3582 2517 Eusebius.

2080 2546 2144 2602 ν.
2171 2549 2258 2604 15.
2284 2549 2367 2614 Σ.,
2399 2549 2456 2601 ὲν
2491 2548 2743 2620 ὀλιγίστῳ
2774 2557 2877 2604 etc.
2912 2549 3198 2605 Eusebius.

2037 2706 2051 2717 '
2078 2638 2142 2690 ν.
2175 2638 2262 2722 1
2307 2639 2410 2704 Ἀ.,
2444 2655 2580 2722 ριση
2615 2638 2948 2722 Lecti-onem
2975 2640 3186 2712 Aquilae
3243 2643 3403 2698 habet
3449 2642 3588 2697 Dru-

2006 2707 2123 2762 sius
2149 2747 2165 2774 ,
2198 2707 2512 2778 Symmachi
2543 2718 2724 2764 autem
2752 2707 3048 2767 Eusebius.

2078 2798 2212 2854 Ibid.
2244 2800 2326 2866 Σ.,
2356 2800 2470 2854 ἀλλ’
2497 2800 2650 2889 ἔσται
2682 2809 2788 2858 etc.
2822 2801 3221 2860 Theodoretus.
