3974 6276
295 451 414 508 1011

1619 451 1942 509 PSALMUS
1989 448 2248 506 LXXXII.

3402 441 3538 496 1042

1097 573 1272 632 Notae
1302 577 1362 632 et
1394 569 1584 632 variae
1615 569 1922 634 lectiones
1955 569 2034 631 ad
2081 567 2401 630 Psalmum
2439 563 2725 627 LXXXI.

2035 669 2104 723 ν.
2134 670 2188 725 7.
2224 669 2306 733 Σ.,
2335 667 2490 738 ὑμεῖς
2522 675 2625 721 etc.
2665 661 2930 738 E_use_bius
2967 671 3022 718 et
3049 658 3440 718 Theodorctus.

292 666 386 726 Job
411 685 462 732 ν,
490 667 576 723 16.

360 739 416 792 ν.
443 739 495 794 5.
527 740 608 818 Σ.,
640 742 1107 812 περιτραπήσεται
1139 752 1241 798 etc.
1279 742 1589 799 Corderius.

599 1107 1000 1174 ΣΥΜΜΑΧΟΣ.

353 1272 408 1326 2-
439 1271 547 1324 Καὶ
576 1271 650 1342 μὴ
681 1272 984 1345 ἠρεμήσῇς·

351 1363 406 1442 5.
450 1363 576 1450 Ἰδοὺ
606 1363 717 1450 γὰρ
744 1365 790 1416 οἱ
816 1363 1015 1450 ἐχθροί,
1042 1382 1132 1418 σου
1163 1381 1322 1450 συνη-

289 1434 488 1502 χοῦσιν,
545 1434 639 1485 καὶ
666 1435 716 1486 οἱ
767 1434 1048 1502 μισοῦντές
1083 1453 1140 1487 σε
1172 1434 1324 1488 ἐπαὶ-

291 1520 438 1572 ρουσι
463 1503 726 1574 κεφαλήν.

355 1593 408 1645 4.
436 1593 609 1664 Kent-dt
647 1593 741 1646 τοῦ
801 1593 929 1647 λαοῦ
961 1611 1054 1647 σου
1095 1595 1324 1664 πανούρι-

287 1663 693 1736 γως-ὁμιξιοῦσι,
735 1663 829 1736 xui.
871 1663 1322 1736 συμϐουλεύοντοιι

285 1731 424 1785 κατὰ
450 1731 543 1785 τοῦ
574 1734 894 1805 ἀποκρύφου
928 1731 1040 1788 σου.

351 1823 407 1878 5.
458 1826 722 1894 Λέγουσι·
758 1827 1064 1896 Συνὲλθειεε,
1105 1829 1324 1896 ἀφανεῖς

285 1892 601 1966 ποιήσωμεν
623 1897 845 1962 αὐτοὺς,
880 1897 955 1968 μὴ
990 1892 1120 1952 ὦσιν
1151 1892 1320 1959 ἔθνος.

349 1983 407 2036 8.
447 1983 758 2040 Φυλισταῖα.

352 2077 408 2130 9.
449 2077 566 2130 Ἔτι
593 2078 686 2132 καὶ
728 2079 970 2149 Ἀσσούρ.

283 2169 644 2291 Λ’Ἐγένοντο
685 2170 962 2241 σύμμαχοι
1020 2176 1128 2234 τοῖς
1195 2175 1326 2236 υἱοῖς

328 2255 430 2291 ωτ.
1200 2263 1206 2268 ·

328 2255 430 2291 ωτ.
1200 2263 1206 2268 ’

355 2492 446 2546 15.
483 2493 700 2548 Δίαιταν
727 2494 819 2548 τοῦ
846 2495 1000 2549 Θεοῦ.

357 2583 384 2634 1
401 2583 450 2635 7.
482 2584 754 2654 Πρόσωπα.
773 2587 974 2641 αὐτῶν.

355 2673 448 2728 19.
476 2673 594 2728 Ὅτι
635 2692 716 2728 σοι
741 2677 930 2748 ὄνομα,
959 2678 1147 2749 Κύριε.

577 2791 1018 2848 SYMMACIIUS.

353 2910 417 2964 2.
459 2909 526 2965 Et
555 2925 664 2966 non
694 2913 964 2982 quiescas.

355 3003 416 3056 '5.
459 3000 597 3056 Ecce
630 3003 776 3056 enim
821 3003 1022 3056 inimici
1061 3003 1136 3057 '"i
1184 3019 1332 3060 som-

287 3082 410 3125 tnm
440 3071 629 3134 edunt,
660 3081 715 3127 et
740 3073 832 3142 qui
866 3072 1098 3128 oderunt
1129 3083 1178 3128 te
1204 3074 1331 3130 elIc-

287 3151 424 3196 runt
457 3149 638 3210 caput.

355 3443 422 3496 4.
463 3442 664 3498 Contra
701 3443 956 3512 populum
1001 3451 1154 3499 tuum
1189 3447 1338 3501 vat‘re

285 3515 704 3582 colloquuntur,
735 3522 790 3566 et
831 3513 1118 3569 consilium
1150 3516 1339 3573 ineunt

285 3593 488 3640 contra
515 3583 894 3639 absconditum
932 3593 1106 3639 tuum.

372 3883 427 3936 5.
483 3881 700 3948 Dicunt,
739 3883 1056 3948 Convenite,
1105 3883 1172 3938 de
1223 3899 1340 3939 me-

293 3954 396 4010 dio
427 3953 680 4009 tollamus
716 3969 831 4020 eos,
863 3969 932 4008 ne
963 3953 1240 4024 sintgens.

373 4194 430 4247 8.
465 4192 771 4264 Phylistaea.

379 4285 434 4341 9.
465 4284 690 4355 Insuper
727 4293 780 4338 et
803 4281 994 4339 Assur.

300 4518 324 4571 ι
379 4447 530 4504 Facti
590 4455 717 4504 sunt
769 4447 1164 4504 commilitones
1221 4435 1346 4502 ﬁliis

327 4529 428 4571 λοι.

327 4529 428 4573 .οι.

383 4681 471 4737 11.

383 4981 469 5036 15.
491 4979 826 5039 Mansionem
853 4979 966 5037 Dei.

384 5149 470 5204 17.
495 5149 682 5207 Facies
702 5165 912 5207 eorum.

386 5243 472 5298 19.
499 5242 654 5308 Ouod
683 5257 880 5300 nomen
905 5241 1024 5310 tibi,
1060 5239 1308 5296 Domine.

1517 1011 1881 1074 PSALMUS
1932 1007 2255 1074 LXXXII.

1877 1109 1956 1164 0'.

1457 1242 1524 1326 .2.
1559 1274 1710 1344 Μηδὲ
1745 1273 2154 1344 καταπραΰνῃς.

1467 1365 1518 1418 5.
1555 1364 1678 1416 Ὅτι
1711 1361 1817 1416 ἰδοὺ
1846 1363 1906 1433 οἱ-
1921 1361 2102 1433 ἐχθροί
2153 1379 2244 1433 σου
2299 1363 2436 1432 ἤχη-

1398 1451 1527 1556 σαιςη
1556 1434 1648 1486 καὶ
1678 1435 1726 1487 οἱ
1761 1429 2044 1502 μισοῦνλέέξς
2083 1447 2142 1484 σε
2178 1429 2436 1502 ἦρανᾯέ-

1399 1521 1470 1573 (pa
1491 1521 1590 1574 ιην.

1467 1598 1521 1652 4.
1557 1597 1680 1650 Ἐπὶ
1696 1597 1786 1649 τὸν
1809 1595 1936 1649 λαόν
1961 1609 2053 1646 σου
2078 1609 2439 1663 κατεπανουρ-

1401 1667 1663 1737 γεύσαντο
1677 1665 1790 1737 γνῲ
1796 1682 1921 1737 μην,
1949 1665 2042 1718 καὶ
2057 1663 2438 1717 ἐϐουλεύσαντο

1401 1735 1538 1790 κατὰ
1564 1735 1673 1788 τῶν
1697 1735 1868 1804 ἁγίων
1899 1751 2011 1787 σου.

1470 1827 1520 1882 5.
1558 1824 1754 1894 Εῐπαν,
1782 1825 1955 1898 Δεῦτε.
1987 1829 2080 1879 καὶ
2129 1825 2436 1898 ἐξολοορεύ-

1401 1915 1578 1968 σωμεν
1606 1899 1801 1961 αὐτοὺς
1829 1897 1886 1962 ἐξ
1908 1896 2111 1958 ἔθνους.

1467 1991 1519 2044 8.
1566 1989 1892 2060 Ἀλλόφυλοι.

1467 2085 1522 2138 9.
1552 2081 1663 2136 Καὶ
1689 2080 1798 2151 γὰρ
1824 2081 1918 2134 καὶ
1963 2079 2208 2149 Ἀσσούρ.

1483 2172 1843 2242 Ἐγενήθησαν
1881 2173 1960 2235 εἰς
2005 2169 2282 2240 ἀντίληψιν
2328 2173 2438 2233 τοῖς

1402 2245 1535 2307 υἱοῖς
1559 2242 1701 2298 Λώτ.

1477 2331 1816 2416 11,.Λ”Εξωλοθ
1825 2331 2090 2416 ρεύθησοιν
2111 2332 2168 2384 ὲν
2183 2329 2436 2416 ἰΑενδὼρ,

1403 2403 1732 2473 ἐγενήθησαν
1763 2403 1894 2454 ὡσεὶ
1923 2403 2124 2474 κόπρος
2149 2404 2215 2472 τῇ
2243 2403 2333 2471 γῇ.

1473 2495 1557 2548 15.
1589 2493 1661 2546 Τὸ
1685 2495 2036 2564 ἁγιαστήριον
2055 2491 2148 2545 τοῦ
2185 2491 2341 2545 Θεοῦ.

1475 2587 1558 2640 I7.
1593 2587 1865 2656 Πρόσωπα
1890 2584 2085 2640 αὐτῶν.

1473 2681 1558 2736 19.
1591 2681 1710 2734 ’Ὁτι
1737 2679 1906 2749 ὄνομά
1937 2696 2019 2732 σοι
2047 2679 2265 2750 Κύριος.

1552 2795 1694 2848 LXX
1733 2792 2231 2848 INTEBPRETES.

1479 2913 1534 2967 2.
1565 2911 1751 2982 Neque
1779 2913 2162 2982 compescarls.

1477 3001 1528 3056 5.
1588 3000 1858 3066 Quoniam
1917 3015 2046 3056 ecce
2109 3001 2314 3056 inimici
2370 3005 2446 3056 tul

1407 3081 1725 3136 sonuerunt,
1748 3079 1804 3126 et
1822 3069 1914 3139 qui
1943 3071 2173 3126 oderunt
2201 3079 2252 3125 te
2284 3079 2444 3128 extu-

1407 3142 1586 3196 lerunt
1607 3149 1790 3212 caput.

1480 3449 1531 3500 4.
1575 3447 1748 3518 Super
1785 3447 2044 3518 populum
2091 3455 2244 3502 tuum
2283 3449 2449 3518 mali-

1411 3517 1711 3588 gnaverunt
1739 3517 2052 3581 consilium,
2083 3525 2137 3571 et
2176 3517 2448 3587 cogitave—

1411 3587 1540 3642 runt
1561 3587 1821 3643 adversus
1853 3595 2073 3643 sanctos
2107 3595 2253 3642 tuos.

1489 3889 1540 3943 5.
1577 3889 1858 3953 Dixerunt,
1908 3887 2097 3942 Venite
2149 3895 2203 3944 et
2242 3889 2447 3958 disper-

1415 3961 1608 4016 damus
1631 3975 1727 4016 eos
1755 3961 1824 4014 de
1855 3969 2030 4028 gente.

1486 4191 1539 4245 8.
1577 4190 1921 4260 Alienigente.

1487 4291 1540 4346 9.
1579 4289 1790 4346 Etenim
1823 4299 1876 4345 et
1893 4289 2086 4345 Assur.

1416 4523 1458 4577 L
1487 4453 1634 4577 liaeti
1688 4461 1818 4509 sunt
1854 4454 1906 4508 in
1960 4451 2286 4522 adjutorium
2330 4450 2454 4506 ﬁliis

1463 4539 1494 4577 ο
1523 4563 1537 4577 .

1463 4539 1537 4579 οι.

1476 4687 1580 4768 11.
1620 4684 2072 4768 Disperieruntin
2095 4683 2331 4746 Aendor,
2370 4679 2452 4734 fa-

1419 4764 1490 4814 cti
1521 4766 1646 4813 sunt
1679 4767 1739 4812 ut
1765 4764 1976 4811 stercus
2005 4764 2181 4808 terrae.

1493 4987 1580 5043 15.
1611 4986 1992 5042 Sanctuarium
2025 4985 2136 5038 Dei.

1492 5150 1579 5204 17.
1601 5149 1790 5205 Facies
1813 5163 2021 5203 eorum.

1489 5243 1576 5298 19.
1609 5241 1748 5308 Quia
1783 5255 1982 5296 nomen
2017 5239 2108 5294 tibi
2167 5236 2448 5292 Dominus.

2039 738 2105 794 γ.
2139 739 2191 793 8.
2221 740 2306 806 Σ.,
2337 733 2494 808 ceae;
2532 745 2636 790 etc.
2678 733 2989 791 Corderius.

2824 1105 3219 1160 ΘΕΟΔΟΤΙΩΝ.

2581 1270 2638 1324 2.

2579 1362 2631 1416 5.
3203 1385 3228 1414 ,ν

2577 1594 2630 1648 4.

2579 1826 2632 1880 5.

2591 1986 2642 2038 8.

2582 2079 2634 2133 9.
2667 2077 2838 2146 Καίγε
2957 2095 2960 2098 λ
2991 2095 2996 2100 ·
3031 2074 3080 2126 ·’ῖ

2584 2333 2668 2385 Il.

2582 2494 2671 2548 15.

2581 2585 2666 2642 I7.
2695 2587 2965 2658 Πρόσωπα
2991 2585 3185 2642 αὐτῶν.

2581 2679 2665 2734 19.
2691 2679 2808 2735 ’Ότι
2843 2697 2922 2734 σοι
2954 2680 3141 2751 ὄνομα,
3177 2677 3365 2751 Κύριε.

2808 2794 3219 2852 THEODOTIO.

2591 2915 2643 2970 2.

2591 3007 2644 3061 ὅ.

2598 4189 2649 4242 8.

2599 4281 2648 4335 9.
2682 4279 2747 4335 Et
2768 4280 2982 4351 quidem
3008 4279 3198 4335 Assur.

2603 4673 2692 4727 II.

2601 4977 2688 5033 15.

2599 5137 2685 5190 17.
2713 5133 2899 5189 Facies
2929 5145 3141 5186 eorum.

2604 5231 2692 5286 19.
2723 5226 2880 5294 Quod
2909 5239 3106 5281 nomen
3136 5221 3253 5286 tibi,
3277 5221 3521 5277 Domine.

1098 5477 1271 5538 Noun
1297 5481 1358 5536 et
1393 5473 1581 5537 varias
1619 5473 1928 5535 lectiones
1963 5471 2041 5534 ad
2079 5467 2396 5562 Psalmum
2447 5463 2770 5526 LXXXII.

393 5577 522 5635 Ibid.
567 5581 666 5642 ’A.,
699 5578 946 5648 ἐγένοντο
976 5591 1080 5634 etc.
1133 5579 1341 5648 Aquilae
1373 5585 1428 5633 et
1467 5577 1780 5649 Symmachi
1812 5577 1889 5649 Ie-

313 5653 550 5704 (:lionem
579 5647 757 5704 adfert
783 5649 1068 5705 Eusebius.
1095 5647 1438 5705 Colbertinus
1463 5647 1590 5703 item
1620 5647 1891 5719 στιχηρῶς

312 5720 555 5791 scriptus
600 5719 914 5792 Symmachi
965 5720 1250 5777 lectionem
1279 5761 1294 5787 ,
1353 5735 1416 5775 ac
1463 5735 1560 5790 pro
1614 5718 1889 5790 σύμμαχοι

303 5790 531 5861 praefert
564 5790 914 5862 συμμέτοχοι.

2067 5573 2124 5627 ν.
2158 5573 2244 5628 II.
2285 5573 2388 5638 ’A.,
2417 5567 2890 5640 égacpt'tincrgwpte.
2925 5563 3168 5640 I_)t_'usius.

2063 5646 2126 5698 V.
2156 5645 2240 5699 15.
2277 5633 2601 5706 Σ.,’δίοιιτὰν
2629 5633 2720 5690 θεοῦ
2750 5634 2904 5706 Θεοῦ.
2937 5633 3104 5706 Idem.

2061 5715 2123 5767 V.
2163 5713 2245 5768 I7.
2292 5715 2393 5776 ’Λ.,
2421 5711 2503 5776 Σ.,

2065 5785 2126 5838 ν,
2165 5785 2231 5832 to
2293 5783 2340 5817 Ἀ
2384 5782 2509 5840 ,Σ..

2533 5711 2608 5772 0',
2639 5708 2725 5772 Θ.,
2753 5705 3020 5776 πρόσωπα
3047 5703 3242 5776 mea
3273 5703 3434 5776 metu.

2543 5769 2627 5830 ω’.
2669 5769 2749 5833 ὅτι
2781 5769 2859 5830 σοι
2893 5775 3082 5845 ὄνομα,
3115 5773 3302 5844 Κύριε.
3326 5769 3488 5824 Idem.
