3974 6276
281 406 422 461 10.19

610 520 1012 576 ΣΥΜΜΛΧΟΣ.

353 838 442 892 14.
468 837 804 908 ΔικαιοσύνηΔ
819 837 1049 892 ἑκάστου
1070 841 1328 908 προελεύ-

277 925 434 978 σεται
465 907 646 969 αὑτδν,
671 907 764 960 καὶ
786 905 939 978 Θήσει
962 909 1042 973 εἰς
1069 905 1183 964 ὁδὸν
1202 914 1328 978 τοὺς

278 977 448 1042 πόδας
469 978 655 1032 αὑτοῦ.

591 1069 1029 1134 SYMMACHUS.

362 1330 450 1412 14.
485 1328 707 1412 Iustitia
732 1330 1167 1412 uniuscujusque
1197 1347 1338 1412 pra:—

285 1400 443 1454 cedet
478 1417 626 1467 eum,
661 1409 716 1456 et
753 1412 918 1472 ponet
951 1401 1004 1456 in
1049 1400 1136 1456 via
1173 1403 1339 1473 pedes

285 1485 442 1525 SUOS.

1633 406 1954 468 PSALMUS
1987 413 2246 469 LXXXV.

1892 531 1962 584 θ’.

1469 683 1578 738 Καὶ
1603 684 1694 737 ἐπὶ
1722 687 1847 749 τοὺς
1873 687 2052 750 ὁσίους
2085 688 2271 743 αὑτοῦ.
2301 690 2443 744 ’Ἄλ-

1398 755 1509 818 λος
1528 795 1544 819 ,
1580 756 1674 808 καὶ
1705 757 1798 810 ἐπὶ
1831 757 1956 820 τοὺς
1987 759 2186 825 ἁγνοὺς
2216 759 2402 814 αὑτοῦ.

1473 845 1560 899 14.
1617 847 1938 918 Δικαιοσύνη
1996 849 2235 903 ἐναντίον
2280 851 2444 904 αὐτοῦ

1400 917 1830 1039 πίοπορεύσεται
1853 958 1866 981 ,
1915 917 2008 971 καὶ
2038 919 2190 990 θήσει
2223 922 2302 986 εἰς
2327 921 2446 974 ὁδὸν

1401 1004 1430 1039 τ
1491 985 1800 1039 διαδήματα
1826 988 2013 1039 αὑτοῦ.

1401 985 1468 1039 τὰ
1491 985 1800 1057 διαδήματα
1826 988 2013 1042 αὑτοῦ.

1572 1081 1714 1135 LXX
1755 1082 1822 1136 ΙΝ
1829 1083 2258 1140 TERPRETES.

1473 1175 1542 1230 Et
1565 1192 1730 1246 super
1761 1187 1978 1236 sanctos
2004 1195 2154 1238 suos.
2195 1181 2370 1245 Alius,
2395 1193 2447 1236 et

1405 1260 1571 1315 super
1604 1257 1788 1303 castos
1820 1265 1974 1304 suos.

1480 1337 1568 1391 14.
1604 1335 1823 1394 Justitia
1867 1349 1993 1395 ante
2033 1356 2158 1395 eum
2205 1341 2460 1396 ambula-

1409 1405 1507 1470 bit,
1530 1416 1583 1461 ct
1610 1419 1776 1478 ponet
1808 1410 1862 1463 in
1895 1411 1979 1464 via
2009 1427 2230 1481 gressus
2263 1427 2413 1466 suos.

2833 536 3226 595 ΘΕΟΔΟΤΙΩΝ.

2589 856 2672 910 Η.

2822 1086 3226 1144 THEODOTIO.

2595 1345 2683 1398 14.

1065 1635 1240 1695 Notae
1271 1642 1332 1696 et
1368 1637 1556 1698 variaa
1585 1637 1895 1700 lectiones
1951 1639 2029 1700 ad
2063 1639 2384 1701 Psalmum
2433 1642 2784 1705 LXXXIV.

283 1733 401 1798 bet,
431 1730 616 1784 τούτου
644 1730 742 1802 τὴν
779 1731 1015 1786 διάνοιαν
1045 1732 1278 1800 σαφέστε
1319 1751 1376 1786 ον
1402 1733 1759 1789 ὲκδεδὼκασιν
1781 1738 1830 1790 οἱ
1937 1738 2212 1794 δικαιοσύ

285 1802 468 1856 λοιποὶ
493 1803 843 1874 ἑρμηνευταὶ,
877 1803 971 1855 καὶ
1005 1803 1238 1872 μάλιστα
1276 1751 1318 1856 ἕ
1329 1804 1623 1876 Σύμμαχος
1648 1807 1837 1872 εἰπὼν,
1948 1822 2110 1876 quam
2132 1807 2212 1860 LX

285 1802 468 1856 λοιποὶ
493 1803 843 1874 ὲρμηνευταὶ,
877 1803 971 1855 καὶ
1005 1803 1238 1872 μάλιστα

620 2151 1020 2206 ΣΥΜΜΛΧΟΣ.

373 2315 419 2369 1.
449 2314 730 2386 Προσευχὴ
759 2312 853 2367 τοῦ
875 2312 1053 2367 Δαυίδ.

366 2411 421 2467 2.

367 2577 421 2632 5.
453 2576 574 2628 Ὀτι
596 2573 734 2643 πρὸς
771 2574 831 2626 σὲ
859 2572 1036 2644 βοήσω
1061 2571 1180 2625 καθ’
1208 2571 1338 2624 ἐκά-

295 2664 430 2716 στην
467 2645 697 2715 ἡμέραν.

368 2744 422 2799 5.
451 2743 560 2796 Καὶ
587 2741 778 2811 ἀφιών.

372 2837 422 2889 7.
461 2831 885 2903 Ἐπικαλέσομαί
937 2847 1016 2896 σε,
1069 2829 1150 2882 ὃτι
1190 2830 1339 2881 εἰσα-

297 2907 513 2968 κούσεις
544 2922 666 2976 μου.

374 3000 458 3052 11.
505 2995 816 3059 ’Υπόδειξὸν
859 3010 979 3077 ,μοι,
1017 2991 1213 3078 Ιξύριε,
1243 2990 1342 3110 τὶὲν

374 3069 416 3110 iu
461 3085 568 3110 σου,
637 3067 726 3110 ἵνα
753 3065 957 3110 ὁδευσω
1001 3079 1065 3110 ττι
1118 3058 1283 3110 ἀληοε
1311 3076 1342 3110 1

300 3069 416 3122 ὀδόν
461 3085 573 3134 σου,
637 3058 957 3119 ἴναίὸδειῖσω
1001 3063 1066 3132 τῇ
1110 3058 1344 3131 ’ἀληθείᾳ

306 3155 419 3193 σου.

377 3233 614 3285 ’Ἐνωσον
651 3229 749 3299 τὴν
774 3227 995 3300 καρδίαν
1024 3244 1123 3298 μου
1151 3225 1230 3288 εἰς
1255 3225 1335 3294 φό-

305 3302 397 3356 ϐον
428 3301 522 3355 τοῦ
553 3299 811 3370 ὀνόματός
839 3299 953 3352 σου.

382 3393 470 3448 14.

377 3554 487 3607 Καὶ
509 3551 796 3621 συναγωγὴ
821 3546 1204 3604 ἁνυποστάτων
1227 3546 1349 3615 ὲξὴ-

304 3641 476 3696 τησαν
503 3624 601 3694 τὴν
631 3623 807 3692 ψυχήν
841 3637 962 3690 μου.

378 3715 466 3770 16.
491 3715 588 3778 Δὸς
619 3709 945 3783 ἱσχὺνπαρά
965 3708 1059 3762 σοῦ
1075 3707 1152 3779 τῷ
1180 3706 1349 3777 δούλῳ

311 3803 427 3840 σου.

594 3870 1041 3929 SYMMACHUS.

385 3978 434 4030 1.
470 3973 657 4029 Oratio
693 3972 864 4044 ipsius
905 3971 1095 4026 David.

382 4136 437 4190 2.

385 4229 438 4282 5.
480 4227 748 4294 Quoniam
781 4226 849 4280 ad
890 4233 942 4279 te
981 4223 1228 4280 clamabo
1259 4237 1354 4292 per

314 4313 758 4369 unamquamque
787 4297 952 4351 diem.

385 4462 439 4517 5.
463 4461 528 4516 Et
549 4460 848 4516 dimittens.

389 4619 438 4674 7.
505 4617 772 4676 lnvocabo
820 4625 874 4672 te
919 4615 1048 4686 quia
1097 4615 1358 4671 exaudies

316 4705 423 4745 me.

391 4783 476 4836 11.
507 4781 744 4836 Ostende
767 4781 921 4844 mihi,
942 4778 1190 4842 Domine,
1216 4777 1360 4830 viam

319 4862 506 4918 tuam,
561 4859 623 4906 ut
681 4852 954 4906 ambulem
1022 4851 1080 4904 in
1135 4848 1361 4904 veritate

318 4935 430 4976 tua.

391 5080 556 5164 Unito
609 5097 706 5165 cor
759 5097 943 5138 meum
983 5083 1040 5138 in
1107 5082 1360 5138 timorem

321 5163 557 5208 nominis
583 5163 680 5208 llﬂ.

404 5383 492 5438 11.

359 5545 370 5556 ἢ
479 5487 753 5556 synagOga
771 5472 1195 5530 intolerabilium
1220 5488 1366 5544 qua:-

327 5554 454 5600 ειγιι
486 5554 728 5599 animam
757 5559 956 5599 meam.

330 5855 349 5900 ι
403 5775 489 5831 16.
523 5773 600 5832 Da
633 5774 1006 5832 fortitudinem
1043 5790 1072 5829 a
1123 5784 1173 5832 te
1210 5789 1369 5831 servo

354 5863 442 5900 uo.
1101 5868 1113 5879 -

354 5863 442 5901 UO.
1101 5868 1113 5879 '

1574 2055 1931 2116 PSALMUS
1971 2057 2290 2117 LXXXV.

1905 2155 1981 2209 0'.

1486 2317 1538 2371 1.
1568 2317 1850 2388 Προσευχὴ
1877 2317 1955 2388 τῷ
1977 2317 2158 2371 Δαυὶδ.

1415 2478 1427 2490 η
1565 2408 1749 2471 Ὅσιός
1799 2411 1932 2478 εἰμι.
1997 2410 2232 2473 Ἄλλος,
2293 2409 2456 2476 ἁγνὸς

1412 2491 1544 2546 εγω.

1483 2571 1536 2625 5.
1570 2570 1692 2640 ’Ὁτι
1719 2571 1854 2640 πρὸς
1886 2568 1944 2622 σὲ
1969 2566 2307 2640 κεκράξομαι
2330 2569 2458 2640 ὃλην

1411 2640 1509 2710 τὴν
1543 2639 1774 2711 ἡμέραν.

1484 2732 1534 2785 5.
1568 2732 1678 2786 Καὶ
1701 2732 1968 2803 ἐπιεικής.

1483 2821 1536 2873 7.
1564 2820 1882 2892 ΔἘκιξκραξα
1915 2821 2052 2892 πρὸς
2098 2819 2178 2882 σὲ,
2208 2819 2289 2872 ὅτι
2325 2820 2462 2889 ἐπή-

1414 2889 1612 2953 κουσάς
1644 2889 1766 2960 μου.

1486 2980 2460 3090 ἐξ..ξθῗῖἷῖλτῖἷῖ,ςεέἓτ,¹ξ.⁶ἵὶε;ξὲλῖῇ

1416 3051 1518 3104 ὁδῶ
1542 3069 1656 3116 σου,
1682 3049 1774 3104 καὶ
1792 3049 2130 3122 πορεύσομαι
2158 3049 2216 3104 ἐν
2242 3052 2310 3120 τῇ
2334 3049 2465 3119 ἀληὲ

1418 3103 1539 3176 θεία
1571 3138 1684 3173 σου.

1489 3211 1857 3284 Εὑφρανθήτῳ
1915 3213 1944 3281 ἡ
1985 3210 2182 3284 *καρδία
2220 3227 2318 3280 μου
2372 3209 2464 3263 τοῦ

1421 3281 1700 3354 φοϐεῖσθαι
1735 3285 1794 3333 τὸ
1832 3281 2002 3351 ὄνομά
2031 3281 2144 3333 σου.

1430 3446 1443 3463 ο
1494 3374 1578 3428 14.
1612 3373 1947 3444 Παράνομοι.
1970 3376 2032 3427 Οὶ
2045 3373 2272 3440 λοιποὶ,
2295 3373 2465 3442 ὑπερ-

1419 3462 1635 3516 ηφανοι.

1493 3538 1603 3591 Καὶ
1633 3535 1928 3605 συναγωγὴ
1958 3535 2236 3606 κραταιῶν
2271 3533 2466 3606 ἐζήτη-

1424 3624 1522 3660 σαν
1558 3607 1657 3678 τὴν
1683 3606 1862 3676 ψυχήν
1893 3622 2016 3675 μου.

1494 3702 1580 3757 16.
1605 3702 1706 3766 Δὸς
1731 3702 1791 3754 τὸ
1823 3700 2025 3772 κράτος
2064 3715 2157 3752 σου
2207 3697 2286 3768 τῷ
2318 3697 2466 3751 παιδί

1423 3791 1537 3828 σου.

1597 3863 1741 3918 LXX
1777 3861 2276 3917 INTERPRETES.

1495 3969 1548 4022 1.
1584 3966 1773 4022 Oratio
1794 3967 1897 4037 ipsi
1927 3965 2114 4021 David.

1493 4125 1790 4183 2.Sanctus
1803 4141 1946 4182 sum.
1961 4124 2324 4192 Alius,castus
2341 4135 2461 4195 ego.

1422 4220 1552 4342 (1.5.
1587 4218 1857 4286 Quoniam
1888 4218 1954 4273 ad
1993 4226 2044 4272 te
2081 4217 2330 4272 clamabo
2355 4222 2466 4270 tota

1462 4304 1531 4342 1e.

1462 4304 1531 4344 le.

1497 4449 1550 4503 5.
1578 4447 1643 4503 Et
1669 4449 1836 4504 mitis.

1503 4611 1553 4665 7.
1577 4611 1820 4668 Clamavi
1845 4609 1913 4665 ad
1943 4619 2015 4678 te,
2039 4623 2169 4679 quia
2195 4606 2469 4664 exaudisti

1429 4698 1538 4738 me.

1507 4774 1591 4827 11.
1618 4771 1803 4828 Deduc
1853 4787 1961 4837 me,
2017 4769 2262 4834 Domine,
2297 4770 2350 4824 in
2385 4769 2467 4822 via

1432 4852 1547 4909 tua,
1586 4852 1641 4898 et
1683 4842 1975 4898 ambulabo
2016 4842 2071 4896 in
2099 4839 2327 4894 veritate
2357 4851 2466 4892 tua.

1502 5072 1738 5127 Laetetur
1766 5088 1860 5128 cor
1891 5087 2095 5138 meum,
2161 5080 2221 5126 ut
2282 5071 2473 5124 timeat

1434 5159 1630 5199 nomen
1659 5153 1834 5199 tuum.

1507 5377 1594 5432 14.
1626 5376 1826 5446 Iniqui.
1861 5375 2086 5446 Reliqui,
2123 5373 2365 5444 superbi.

1505 5469 1574 5522 Et
1603 5484 1874 5552 synagoga
1917 5467 2216 5538 potentium
2246 5465 2478 5538 quaesie-

1438 5549 1564 5597 ι’ὶΙΙΙῐ
1596 5549 1831 5595 animam
1863 5554 2061 5594 meam.

1514 5773 1599 5826 16.
1643 5773 1716 5828 Da
1750 5779 2068 5844 potestatem
2118 5778 2262 5826 tuam
2305 5780 2477 5838 puero

1444 5854 1555 5900 1110.

2850 2158 3246 2210 θΕΟΔΟΤΙΩΝ.

2607 2320 2656 2371 1.

2601 2410 2655 2459 εξ.

2603 2568 2653 2620 5.

2605 2729 2654 2781 5.
2692 2727 2801 2782 Καὶ
2834 2728 3070 2798 ἱλαστής.

2608 2820 2654 2871 7.

2611 2981 2697 3033 1i.

2610 3377 2695 3430 1-1.

2615 3698 2698 3751 16.

2845 3855 3256 3914 THEODOTIO.

2607 4123 2662 4175 9..

2608 4213 2660 4266 5.

2608 4442 2665 4498 5.
2694 4440 2759 4495 Ει
2792 4439 3082 4510 propitius.

2613 4604 2664 4658 7.

2615 5369 2705 5431 11.

2627 5767 2688 5819 1L

3395 422 3416 478 1
3432 423 3534 480 358

2216 1756 2289 1810 ιςῃ
2303 1747 2432 1810 διο..
2446 1739 2691 1794 indicans
2706 1739 2942 1809 reliquos
2955 1740 3560 1810 interpretcsclariorcm

1948 1822 2110 1878 quam
2132 1807 2293 1876 LXX,
2313 1819 2364 1864 et
2387 1809 2714 1880 Symmacho
2733 1807 2945 1867 aﬂiiiein
2974 1807 3278 1869 versionem
3305 1813 3561 1870 edidisse.
