3994 6278
468 329 616 388 ι’ἔίὅ

764 449 852 501 ΤΟ
880 446 1245 502 ΕΒΡΑῘΚΟΝ.

1185 620 1377 670 mnum
1409 611 1441 665 9

471 706 691 759 mnum
745 708 902 759 unm
949 707 1042 780 Tn
1082 708 1179 756 Div
1193 710 1228 723 "
1244 708 1318 757 tu
1353 696 1512 848 42w

653 937 836 989 διετέθη
869 938 1000 1010 -ίῑγη
1016 939 1146 1010 -Ίκ
1182 937 1335 987 nam
1377 928 1436 981 tt

963 1098 1122 1153 1m:
1158 1062 1283 1148 ἠδί
1297 1071 1445 1147 τῖ’-»51

469 1253 619 1327 172m
705 1228 996 1321 virm-NB
1064 1255 1326 1325 -ῖιιτη-ωλ
1385 1244 1448 1327 ta

1045 1318 1172 1395 “nm
1211 1346 1332 1395 mi:
1368 1318 1517 1395 n‘w‘)‘:

894 1484 1095 1554 T333133
1130 1459 1337 1537 ’ἃδέ-Ξ]
1380 1476 1446 1528 14

471 1580 510 1596 ·
528 1576 658 1629 νκ
716 1578 857 1654 πυτ-³
894 1578 1041 1635 ’⁷³³³⁷
1077 1555 1515 1702 nam?”

817 1948 942 2024 γ’τκ
975 1948 1223 2001 nui-nm
1256 1949 1448 2027 map-1

820 2106 972 2177 ’τηινγ
1008 2108 1110 2157 1m
1153 2107 1167 2151 I
1204 2079 1337 2159 m5:
1378 2096 1444 2150 16

784 2265 940 2317 των
978 2241 1087 2316 :35:
1124 2261 1281 2333 Tiso
1298 2268 1333 2281 -
1354 2238 1447 2320 51:1

714 2429 836 2477 an:
869 2429 984 2479 Tm:
1021 2402 1114 2479 s51
1148 2425 1272 2477 1‘13’
1309 2424 1447 2477 nini

664 2592 738 2641 τε
773 2590 914 2663 Tim
950 2590 1232 2669 τῆρ’-τηε
1270 2564 1345 2641 ἰη
1385 2581 1453 2635 n

588 2894 839 2951 VEBSIO
868 2893 1190 2949 HEBRAICI
1223 2892 1430 2947 ΤΕΧΤ.

549 3072 601 3128 9.
643 3072 985 3128 Habitavero.
1024 3071 1269 3138 Hierom,
1293 3071 1369 3126 id.

549 3162 636 3217 10.
671 3162 846 3216 Etiam
887 3163 958 3215 ibi
992 3178 1187 3216 manus
1221 3169 1313 3214 tua
1347 3161 1522 3215 dedu-

481 3244 569 3288 cet
602 3248 709 3296 me,
741 3242 795 3287 et
826 3231 1028 3287 tenebit
1051 3247 1137 3287 me
1156 3232 1380 3287 dextera
1411 3239 1523 3284 tua.

481 3304 533 3359 11
540 3304 729 3371 ieram,
760 3302 835 3357 id.

553 3395 641 3451 11.
676 3395 741 3449 Et
766 3395 958 3449 dixero
985 3413 997 3447 :
1035 3392 1421 3447 Verumtamen
1447 3398 1525 3445 te-

483 3467 667 3520 nebrae
693 3465 1045 3520 occultabunt
1076 3480 1183 3517 me.
1216 3462 1457 3527 Hierom,
1484 3465 1527 3514 si

482 3536 715 3591 dixero:
774 3534 936 3590 Forte
998 3536 1234 3589 tenebrae
1282 3532 1533 3603 Operient

482 3619 592 3660 nne.

555 3694 620 3749 Et
654 3711 759 3749 nox
792 3696 886 3749 lux
926 3694 1071 3749 circa
1123 3710 1228 3749 me.
1280 3690 1527 3758 "ieram,

482 3780 593 3819 nox
624 3781 843 3835 quoque
882 3766 975 3819 lux
1014 3765 1119 3819 erit
1142 3765 1287 3819 circa
1316 3778 1423 3817 me.

559 3853 645 3907 12.
685 3853 860 3907 Etiam
909 3854 1145 3909 tenebrae
1176 3868 1285 3907 non
1325 3852 1530 3907 obscu-

486 3924 688 3978 rabunt
713 3939 743 3976 a
784 3931 835 3977 te
864 3942 879 3977 ε
909 3932 963 3979 et
993 3939 1099 3977 nox
1126 3924 1268 3977 sicut
1294 3922 1412 3976 dies
1452 3922 1535 3974 lu-

488 3994 651 4047 cebit.
703 3992 946 4059 "ieram,
1011 4008 1111 4047 nec
1164 3992 1399 4047 tenebrae
1432 3992 1530 4044 ha-

488 4064 620 4117 bent
670 4064 920 4117 tenebras
970 4063 1112 4131 apud
1166 4072 1251 4127 te,
1299 4072 1352 4116 et
1424 4076 1530 4115 nox

489 4132 647 4203 quasi
681 4131 797 4186 dies
828 4132 988 4185 lucet.

498 4221 654 4343 ,(114.
673 4220 934 4274 Mirabilia
964 4235 1125 4289 opera
1151 4228 1264 4274 tua.
1292 4220 1532 4287 (lieron.,

498 4308 509 4343 ι
552 4306 653 4343 em.

491 4306 653 4345 ιαενη.

564 4381 653 4437 15.
714 4379 832 4435 Νοη
884 4379 1157 4451 occultum
1196 4379 1298 4434 fuit
1335 4395 1535 4451 corpus

491 4466 673 4507 meum
700 4467 730 4505 a
773 4460 843 4512 te,
871 4450 1093 4520 quando
1134 4451 1309 4505 factus
1342 4450 1443 4504 fui
1480 4453 1531 4505 in

494 4523 728 4578 occulto.
758 4522 1002 4584 (fierem,
1041 4535 1149 4573 non
1187 4530 1313 4575 sunt
1348 4531 1534 4590 operta

492 4607 620 4647 ossa
652 4606 769 4644 mea
798 4606 827 4645 a
863 4599 934 4654 te,
968 4591 1168 4659 quibus
1206 4590 1380 4646 factus
1414 4606 1537 4646 sum

493 4662 547 4716 in
587 4661 820 4716 occulto.

570 4751 728 4807 Varie
771 4760 1084 4819 compactus
1140 4765 1259 4805 sum
1305 4751 1357 4804 in
1413 4750 1538 4808 imis

495 4819 961 4902 terra..llieron.,
1022 4822 1351 4891 imaginatus
1410 4837 1533 4876 sum

496 4898 551 4943 in
583 4898 897 4944 novissimis
923 4898 1101 4944 terra}.

570 4981 656 5035 16.
685 4979 923 5035 lnforme
964 4996 1141 5035 meum
1167 4980 1422 5033 viderunt
1471 4996 1535 5035 o-

1523 323 1997 381 IIEXAPLORUM
2041 322 2206 390 QUAE
2248 320 2678 379 SUPERSUNT.

1881 447 1969 499 ΤΟ
2006 445 2353 498 ΕΒΡΑΙΚΟΝ

1792 515 2117 586 Ἑλληνικοῖς
2144 514 2455 587 γράμμασι.

1656 612 1710 667 9.

1664 702 1744 754 I0.

1658 931 1743 983 11.

1573 1246 1576 1259 ’
1661 1243 1749 1297 12.

1664 1475 1750 1527 H.

1666 1566 1732 1618 15

1660 2096 1746 2151 16.

1670 2577 1757 2633 17.

1802 2887 2134 2947 VULGATA
2174 2889 2447 2945 LATINA.

1670 3069 1724 3124 9.
1756 3067 2100 3124 Habitavero.

1670 3157 1756 3211 10.
1786 3157 1997 3212 Etenim
2028 3158 2156 3212 illuc
2187 3172 2383 3213 manus
2419 3166 2509 3211 tua
2558 3156 2644 3210 de-

1597 3227 1758 3282 ducet
1789 3242 1896 3292 me,
1945 3238 1999 3280 et
2040 3227 2243 3282 tenebit
2289 3242 2375 3281 me
2423 3228 2645 3283 dextera

1600 3307 1711 3351 tua.

1674 3387 1759 3440 11.
1794 3385 1859 3440 Ει
1885 3386 2042 3441 dixi:
2103 3385 2354 3442 Forsitan
2408 3388 2646 3444 tenebrae

1601 3458 2004 3512 conculcabunt
2041 3472 2149 3511 me.
2400 3460 2401 3463 “

1636 3685 1743 3770 "Et
1768 3701 1873 3767 nox
1907 3687 2233 3741 illuminatio
2265 3700 2386 3741 mea
2424 3685 2478 3739 in
2509 3685 2647 3740 deli-

1601 3773 1702 3814 CllS
1735 3772 1887 3812 mets.

1677 3847 1765 3904 12.
1806 3846 1942 3912 Quia
1973 3846 2209 3900 tenebrat
2254 3860 2361 3899 non
2387 3845 2649 3900 obscura-

1604 3918 1805 3972 buntur
1839 3933 1867 3970 a
1908 3926 1977 3978 te,
2019 3925 2073 3970 et
2108 3931 2215 3970 nox
2249 3916 2391 3971 sicut
2423 3916 2537 3971 dies
2585 3914 2649 3967 il-

1603 3987 1977 4042 luminabitur.

1677 4226 1761 4279 14.
1807 4223 2071 4279 Mirabilia
2111 4236 2276 4291 opera
2313 4229 2428 4274 tua.

1681 4387 1764 4442 15.
1781 4384 1895 4440 Νοη
1918 4394 2001 4438 est
2026 4386 2357 4439 occultatum
2379 4398 2441 4437 os
2468 4398 2645 4439 meum

1607 4471 1636 4510 a
1663 4465 1734 4521 te,
1768 4457 1910 4527 quod
1939 4455 2117 4510 fecisti
2150 4456 2202 4508 in
2233 4454 2466 4509 occulto.

1678 4756 1745 4809 Et
1779 4755 2081 4810 substantia
2116 4769 2236 4809 mea
2268 4753 2321 4806 in
2374 4751 2649 4807 inferiori-

1609 4826 1711 4881 bus
1746 4833 1920 4879 terrm.

1682 4984 1767 5065 1
1790 4982 2170 5065 imperfectum
2198 4998 2377 5037 meum
2402 4982 2653 5038 viderunt

495 5051 603 5105 culi
644 5052 743 5117 tui.
798 5050 1041 5115 Πίθωνι,
1104 5049 1391 5104 informem
1451 5065 1536 5104 me
1607 5056 1749 5110 oculi
1784 5049 1882 5108 tui.

496 5121 747 5175 viderunt
771 5121 913 5175 oculi
941 5120 1039 5175 tui.

570 5210 635 5265 Et
664 5212 717 5265 in
756 5211 896 5265 libro
936 5221 1028 5266 tuo
1057 5211 1239 5266 omnia
1294 5209 1535 5265 scriben-

500 5290 608 5336 tur.
644 5280 884 5346 Πίθωνι,
911 5292 964 5337 et
990 5282 1044 5335 in
1071 5282 1209 5335 libro
1229 5289 1320 5335 tuo
1343 5292 1534 5335 omnes

499 5352 832 5406 scribentur.

569 5443 697 5498 Dies
720 5440 963 5496 formatae
983 5450 1130 5504 sunt,
1155 5451 1209 5498 et
1234 5456 1340 5497 non
1366 5455 1535 5493 unum

1678 5214 1744 5269 Et
1784 5217 1836 5270 in
1869 5215 2009 5270 libro
2048 5223 2141 5270 tuo
2170 5227 2359 5268 omnes
2405 5210 2651 5267 scriben-

1621 5294 1727 5340 tur.

1684 5438 1804 5494 Dies
1844 5438 2245 5504 formabuntur,
2284 5447 2339 5494 et
2382 5453 2539 5493 nemo
2597 5439 2648 5491 in

500 5514 554 5567 in
584 5513 684 5569 eis.
716 5510 959 5577 Hierom,
984 5512 1098 5566 dies
1132 5511 1350 5566 formati
1383 5520 1530 5574 sunt,
1605 5510 1702 5564 eis.

499 5596 553 5638 et
580 5598 687 5639 non
716 5590 801 5638 est
833 5596 938 5634 una
967 5581 1019 5634 in
1048 5583 1147 5637 eis.

575 5674 660 5732 17.
688 5671 756 5729 Et
783 5671 914 5727 mihi
948 5688 1110 5744 quam
1142 5673 1393 5744 pretiosae
1417 5671 1533 5744 fue-

1680 5670 1766 5726 17.
1800 5666 2141 5724 Μίὴί’ίιιιιρηι
2188 5670 2349 5725 nimis
2392 5668 2645 5727 honorati

501 5753 628 5799 runt
656 5737 1011 5810 cogitationes
1050 5737 1173 5810 tum",
1206 5741 1369 5797 Deus.
1411 5742 1539 5795 Hie-
1611 5750 1737 5797 sunt
1772 5741 1930 5794 amici
1963 5739 2040 5795 tui
2070 5737 2233 5797 Deus.

3598 316 3733 370 11%

3056 437 3350 493 ΑΚΥΔΑΣ.

2770 603 2821 656 9.
2856 600 3146 672 Σκηνώσω.

2774 692 2859 745 10.

2777 919 2861 972 11.

2666 1098 2667 1101 η
2775 1076 2885 1131 Καὶ
2910 1074 3003 1141 νὺξ
3030 1072 3144 1143 φῶς
3167 1069 3297 1141 περὶ
3335 1069 3458 1139 ὲμὲ.

2778 1240 2860 1294 12.

2780 1470 2866 1524 ﬂ.
2900 1464 3201 1537 Θαυμαστὰ
3230 1464 3297 1518 τὰ
3324 1463 3460 1535 ἔργα
3494 1479 3605 1516 σου.

2780 1560 2865 1613 15.
2900 1559 3012 1611 Οὐκ
3071 1554 3422 1623 ὲπεκαλὺφθη
3461 1555 3591 1606 ὀστᾶ
3648 1568 3743 1621 μω

2708 1632 2815 1685 ἀπὺ
2837 1628 2951 1693 σοῦ,
2971 1623 3331 1697 οῗςηὲποιήθην
3353 1627 3409 1677 ὲν
3431 1624 3739 1693 ἀποκρύφῳ.

2792 1928 3134 1998 Ἐποικιλθην
3168 1926 3225 1979 ὲν
3264 1926 3377 1987 τοῖς
3424 1923 3743 1985 κατωτάτοις

2714 2004 2807 2073 τῆς
2835 2001 2959 2069 γῆς.

2781 2092 2866 2145 16.
2912 2086 3345 2161 Ἀκατέργαστόν
3380 2102 3479 2155 μου
3506 2078 3637 2136 εἶδον
3695 2081 3741 2135 o!

2713 2163 2975 2233 ὀφθαλμοί
3007 2178 3117 2213 σου.

2783 2257 2893 2308 Καὶ
2925 2256 3016 2307 ἐπὶ
3080 2250 3283 2322 βιϐλίον
3344 2266 3439 2300 σου
3492 2247 3616 2299 πᾶσι
3652 2260 3737 2311 γε-

2714 2326 3071 2397 γραμμένοιςο

2881 2455 2896 2468 .
2984 2413 3078 2468 καὶ
3105 2411 3167 2465 οὐ
3200 2411 3299 2481 μία
3325 2410 3384 2462 ὲν
3418 2408 3612 2470 αὐτοῖς.

2786 2577 2875 2630 17.

3111 2882 3391 2949 AQUILA.

2791 3068 2844 3122 9.
2883 3064 3231 3120 Habitavero.

2795 3161 2885 3215 10.

2793 3387 2878 3441 11.

2792 3691 2857 3744 Ει
2884 3704 2990 3744 nox
3018 3689 3119 3747 lux.
3140 3688 3283 3743 circa
3312 3702 3421 3742 me.

2798 3845 2885 3901 12.

2796 4219 2881 4272 14.
2917 4214 3180 4277 Mirabilia
3218 4229 3380 4287 opera
3416 4222 3533 4270 tua.

2793 4377 2881 4432 15.
2903 4376 3022 4431 Non
3046 4385 3175 4431 sunt
3207 4377 3477 4432 occultata
3506 4390 3628 4430 ossa
3646 4390 3753 4429 mea

2723 4457 2853 4570 atle,
2908 4447 3107 4516 quibus
3162 4446 3341 4503 factus
3374 4462 3496 4502 sum
3560 4447 3615 4500 in
3668 4460 3752 4500 oc-

2723 4535 2786 4570 cu
2814 4528 2887 4570 to.

2722 4528 2887 4571 culto.

2794 4743 2958 4799 Varie
3001 4753 3319 4814 compactus
3368 4757 3490 4798 sum
3539 4742 3594 4797 in
3642 4743 3751 4797 imis

2724 4823 2900 4869 terrai.

2797 4971 2878 5027 16.
2939 4972 3317 5042 Imperfectum
3374 4988 3557 5029 meum
3620 4972 3755 5028 vide-

2721 5055 2849 5098 runt
2877 5044 3016 5099 oculi
3047 5044 3146 5097 tui.

2797 5205 2860 5259 Et
2889 5204 2943 5259 in
2979 5203 3117 5260 libro
3152 5214 3245 5263 tuo
3266 5206 3521 5262 omnibus
3560 5204 3757 5261 descri-

2721 5275 2848 5344 ptis.

2798 5475 2812 5493 .
2832 5476 2845 5490 .
2874 5448 2962 5495 .et
2996 5454 3102 5496 non
3133 5454 3241 5495 una
3273 5440 3325 5496 in
3342 5441 3442 5497 eis.

2796 5666 2883 5723 17.
