3962 6206
559 323 654 376 851

829 443 915 496 ΤΟ
943 443 1311 501 ΕΒΡΑΙΚΟΝ.

931 981 1004 1078 -ῥ
1021 1011 1252 1058 mnam
1283 1012 1456 1059 nm:
1488 1002 1521 1055 8

660 1084 906 1142 VERSIO
944 1087 1261 1141 HEBRAICI
1297 1089 1502 1148 ΤΕΧΤ.

584 1248 596 1258 ⁸
620 1177 674 1231 5.
704 1175 982 1233 Jutlicabis
1038 1180 1193 1234 mihi.
1231 1180 1472 1250 Hieron,
1509 1185 1590 1238 ul-

552 1262 755 1302 etscere
782 1263 888 1300 me.

621 1335 675 1391 6.
721 1334 864 1390 Inter
896 1347 1311 1396 sustentatorcs.
1350 1342 1587 1406 Ilieron.,

554 1415 880 1462 sustentans.

629 1497 676 1552 7.
709 1498 912 1555 Reddet
933 1500 1134 1554 malum
1163 1502 1398 1561 inimicis
1426 1507 1591 1560 meis:

555 1569 608 1622 in
644 1571 870 1624 veritate
899 1581 988 1624 tua
1037 1572 1255 1626 succide
1286 1574 1425 1631 illos.
1470 1577 1596 1630 Ilie-

555 1654 696 1703 ron.,
746 1641 911 1695 redde
949 1641 1152 1695 malum
1180 1642 1594 1700 insidiatoribus

556 1708 730 1763 meis:
790 1711 842 1764 in
902 1711 1122 1764 veritate
1184 1721 1275 1765 t-ua
1341 1715 1595 1785 disperde

556 1793 666 1833 80$.

625 1869 680 1923 8.
712 1869 769 1924 In
799 1883 1102 1942 spontaneo
1130 1878 1450 1933 sacrificabo
1477 1878 1593 1932 tibi.

561 1939 794 2007 "ieram,
811 1939 1114 2001 voluntarie
1137 1947 1455 2003 sacriﬁcabo
1479 1948 1595 2003 tibi.

1622 335 2090 394 llEXAPLORUM
2132 338 2299 404 QUAS
2342 339 2558 396 SUPEP
2573 343 2654 398 SU
2666 341 2772 396 ΝΤ.

1963 454 2051 505 ΤΟ
2081 454 2276 507 ΕΒΡΑΙ
2287 456 2429 508 ΚΟΝ

1847 521 2174 592 Ἑλληνικοῖς
2193 525 2502 596 γράμμασι.

1735 591 1788 644 ’5.

1739 685 1772 735 6
1785 728 1788 732 .

1735 774 1788 827 7.

1739 1005 1791 1058 8.

1866 1093 2194 1150 VULGATA
2224 1093 2502 1150 LATINA.

1734 1186 1788 1240 5.
1821 1183 2010 1240 Judica
2047 1201 2154 1240 me.

1735 1344 1788 1400 6.
1823 1344 2135 1416 Susceptor.

1741 1504 1790 1558 7.
1828 1505 2023 1560 Averte
2057 1507 2197 1560 mala
2250 1508 2487 1562 inimicis
2529 1509 2702 1562 mcis:

1667 1583 1720 1628 et
1751 1575 1804 1628 in
1838 1577 2062 1630 veritate
2091 1587 2180 1630 tua
2212 1579 2463 1647 disperde
2493 1578 2632 1633 illos.

1743 1877 1796 1932 8.
1831 1875 2146 1932 Voluntarie
2176 1876 2496 1932 sacriﬁcabo
2529 1876 2647 1931 tibi.

3641 338 3712 392 832

3131 449 3422 507 ΑΚΥΔΑΣ.

2840 593 2892 646 3.
2922 589 3172 654 Δικάσεις
3205 605 3314 659 μοι.

2842 681 2892 734 6.

2845 773 2890 826 7.

2847 1011 2900 1058 δ.
2946 1003 3033 1056 Ἐν
3065 994 3416 1066 ἑκουσιασμῷ
3439 994 3641 1048 auctam
3661 1012 3725 1052 σοι,

3158 1086 3442 1154 AQUILA.

2849 1187 2902 1243 5.
2931 1182 3210 1238 Judicabis
3239 1178 3394 1234 mihi.

2849 1345 2901 1400 6.

2850 1505 2902 1558 7.

2853 1872 2907 1928 8.
2939 1871 2995 1926 ln
3027 1879 3328 1942 spontaneo
3355 1865 3641 1923 sacriﬁcabo
3662 1865 3739 1920 tibi.

1418 2041 1592 2100 Noun
1621 2045 1682 2100 et
1721 2040 1908 2100 varize
1955 2040 2270 2101 lectiones
2302 2039 2378 2098 ad
2409 2040 2729 2100 Psatmum
2768 2035 2932 2097 Llll.

636 2128 696 2210 γ.
728 2131 780 2187 1.
813 2131 979 2210 Tituli
1007 2136 1266 2193 lectiones
1301 2136 1476 2194 adfert
1503 2138 1772 2196 Eusebius
1797 2137 2142 2210 expositione
2251 2137 2479 2210 nostri._
2500 2137 2730 2210 Drusius
2759 2152 2930 2210 vero
2957 2135 3059 2197 sic,
3105 2134 3276 2210 ᾉλρι
3301 2129 3398 2210 κγ,
3441 2199 3455 2210 _
3477 2128 3648 2210 κρινεῖς

563 2203 614 2254 in
647 2202 792 2256 hunc
824 2205 1117 2296 psalmum.

639 2268 678 2296 υ
737 2273 768 2296 Ir
864 2275 883 2296 Δ
990 2277 1028 2296 «η

639 2268 696 2325 ν.
735 2273 789 2328 5.
824 2268 942 2340 ἸΑη
988 2277 1072 2343 Σ..
1120 2276 1358 2341 δικάσεις
1417 2295 1507 2349 μοι
1557 2288 1660 2336 etc.
1709 2277 1802 2335 Sic
1841 2278 1950 2336 duo
2001 2294 2134 2334 mss.

852 2552 941 2604 T0
970 2552 1336 2607 EBPAIKON.

667 2670 791 2750 πθ)
825 2671 1013 2750 5mm
1047 2698 1254 2752 nam:
1283 2675 1473 2752 unus
1509 2691 1533 2745 t

571 2860 886 2914 :i'lD’le‘l
956 2860 1131 2914 WW3
1201 2863 1339 2913 ’τ’-κ
1409 2853 1541 2915 4,5

813 2953 948 3008 am
980 2954 1101 3029 npv
1137 2951 1276 3004 nam
1309 2955 1436 3006 una
1465 2927 1614 3027 ἥψω

569 3164 814 3215 manu”
854 3165 996 3215 nam
1030 3163 1114 3213 na
1150 3139 1244 3220 ’ὃν
1282 3163 1544 3214 manv-aa

1029 3394 1204 3467 mp:
1233 3369 1348 3444 ’νη-ιτ
1386 3368 1477 3443 ’2⁸)
1511 3385 1548 3440 5

1304 3524 1478 3603 nam
1511 3541 1544 3598 6

568 3643 713 3696 fw:
749 3647 869 3694 anu
907 3641 1194 3766 tTHD
1225 3645 1380 3708 nam
1417 3637 1450 3691 8
1489 3635 1542 3698 .7

570 3716 664 3765 Tt:
727 3712 911 3766 υνηηκ
978 3740 988 3764 .
1022 3717 1082 3763 ’Π
1123 3718 1136 3762 :
1175 3716 1389 3766 rubrum
1438 3715 1542 3766 rem:

570 3716 664 3765 ’ΠΙ
727 3712 911 3792 ΡΊΠἻΝ
978 3712 1082 3766 ΠΣΠ
1123 3718 1136 3762 2

684 4009 933 4065 VERSIO
961 4009 1278 4066 HEBRAICI
1318 4009 1526 4066 ΤΕΧΤ.

649 4104 700 4157 1.
717 4099 976 4171 ίνίοιοτίη-
992 4101 1045 4154 in
1084 4099 1349 4171 Negiuoth
1388 4100 1618 4157 masehil

577 4173 679 4243 ipsi
712 4170 905 4243 David.
924 4169 1375 4243 Hieron.,'victori
1400 4174 1454 4227 in
1479 4172 1620 4242 psal-

577 4241 684 4297 litis
711 4241 946 4296 eruditio
976 4241 1163 4294 David.

648 4335 703 4397 ’5,
743 4333 798 4386 4.
834 4332 1150 4402 Conquerar
1182 4333 1235 4386 in
1268 4331 1618 4388 meditatione

580 4419 722 4468 mea,
763 4413 817 4457 et
851 4402 1223 4457 tumultuabor
1271 4418 1300 4456 a
1354 4418 1482 4457 voce
1515 4403 1621 4457 ini-

581 4475 729 4538 mici,
744 4488 771 4525 a
791 4473 1035 4528 {aciebus
1047 4487 1141 4527 coa
1151 4472 1431 4528 rctationis
1448 4473 1619 4542 impii.

582 4543 822 4610 "ieram,
862 4543 1180 4597 humiliatus
1210 4558 1330 4598 sum
1364 4542 1418 4597 in
1453 4543 1623 4597 medi-

581 4615 787 4668 tatione
815 4627 956 4676 mea,
983 4624 1035 4668 ct
1061 4613 1414 4669 conturbatus
1442 4629 1473 4668 a
1494 4627 1626 4667 voce

580 4683 786 4754 inimici
849 4700 880 4738 a
928 4683 1066 4740 facie
1103 4684 1481 4754 persequentis
1525 4683 1624 4737 im-

582 4753 677 4822 pii.

652 4845 923 4912 Quoniam
961 4847 1070 4902 labi
1103 4846 1308 4902 facient
1337 4862 1504 4916 super
1539 4861 1626 4900 me

583 4918 953 4977 mendacium.
983 4926 1038 4972 et
1069 4919 1124 4971 in
1155 4917 1237 4972 ira
1261 4918 1627 4973 adversabuu—

585 4999 674 5067 tur
721 4988 875 5069 mibi.
915 4987 1464 5069 Hieron.,.qttonia_m
1497 5001 1624 5069 pro-7

585 5059 830 5121 iecerunt
864 5073 1027 5126 super
1059 5073 1144 5112 me
1173 5057 1535 5127 iniquitatem,
1571 5067 1625 5112 et

585 5129 636 5181 in
664 5127 848 5185 furore
879 5128 1320 5183 adversabuntur
1346 5128 1500 5181 mihi.

653 5217 710 5274 5.
734 5219 840 5273 Cor
868 5235 1048 5274 meum
1099 5219 1424 5274 cruciabitur
1459 5221 1510 5273 in
1548 5220 1628 5274 in-

585 5289 772 5342 teriori
827 5306 965 5344 meo.
1019 5289 1266 5353 ϋίηωι..
1301 5305 1398 5345 cor
1439 5305 1619 5346 meum

587 5358 758 5413 doluit
786 5359 840 5413 in
871 5361 1128 5417 vitalibus
1157 5362 1312 5417 meis.

655 5449 710 5507 6.
747 5449 975 5507 Horror.
1009 5453 1252 5519 Hierou.,
1285 5455 1478 5523 caligo.

659 5541 710 5606 7,
750 5542 806 5600 8.
840 5542 907 5597 Et
944 5544 1056 5598 dixi
1089 5564 1100 5597 :
1151 5545 1285 5612 Quis
1314 5548 1459 5602 dabit
1493 5547 1623 5600 mihi

589 5626 820 5682 pennam
850 5615 991 5670 sicut
1019 5616 1324 5670 columbae?
1349 5617 1544 5672 volabo
1573 5625 1627 5671 et

591 5684 865 5741 habitabo.
917 5685 1057 5741 Ecce
1094 5686 1358 5755 elongabo
1406 5702 1491 5740 me
1532 5703 1629 5739 va-

590 5758 783 5824 gando,
809 5756 1141 5830 pernoctabo
1167 5757 1219 5811 in
1243 5757 1480 5811 deserto.
1511 5755 1630 5810 Hic-

1909 2456 2051 2516 PSA
2062 2456 2270 2518 LMUS
2331 2455 2488 2517 LIV.

1977 2556 2066 2610 ΤΟ
2099 2557 2449 2610 ΕΒΡΑΙΚΟΝ

1759 2695 1782 2748 1
1862 2625 2193 2697 Ἑλληνικοῖς
2228 2626 2540 2697 γράμμασι.

1753 2858 1809 2917 '5.
1845 2860 1897 2913 4.

1755 3391 1808 3444 5.

1757 3545 1810 3599 6.

1761 3640 1810 3702 7,
1845 3639 1897 3692 8.

1892 4009 2076 4066 VULG
2085 4009 2223 4064 ATA
2259 4009 2532 4065 LATINA.

1763 4101 1812 4154 1.
1843 4099 1902 4154 ln
1935 4099 2120 4161 linem.
2154 4099 2208 4154 iu
2256 4100 2594 4157 carminibus
2641 4101 2727 4157 in-

1689 4170 1936 4227 tellectus
1973 4169 2164 4224 David.

1761 4332 1814 4396 ‘5,
1843 4332 1894 4385 4.
1934 4331 2300 4387 Contristatus
2333 4347 2454 4388 sum
2491 4331 2544 4386 in
2576 4347 2732 4388 exer-

1689 4400 1947 4457 citatione
1978 4413 2188 4468 mea,et
2223 4402 2580 4458 conturbatus
2611 4419 2733 4458 sum

1693 4487 1724 4526 a
1771 4487 1904 4527 voce
1943 4473 2174 4554 inimici,
2211 4483 2265 4530 et
2312 4487 2343 4527 a
2386 4473 2735 4535 tribulatione

1692 4551 1994 4617 peccatoris

1768 4845 2038 4912 Quoniam
2089 4845 2501 4902 declinaverunt
2549 4855 2738 4902 contra

1700 4929 1785 4970 me
1807 4915 2165 4985 iniquitates:
2208 4925 2262 4973 ct
2291 4917 2346 4972 in
2394 4917 2471 4972 ira
2529 4918 2740 4974 molesti

1696 4993 1852 5041 erant
1881 4986 2036 5041 mihi.

1697 5289 1708 5301 .
1767 5220 1820 5275 5.
1852 5219 1961 5274 Cor
2013 5235 2195 5275 meum
2239 5221 2624 5276 conturbatum
2657 5232 2742 5276 est

1696 5307 1751 5345 ιη
1783 5306 1890 5345 me.

1766 5451 1818 5506 6.
1854 5449 2133 5507 Tenebrae.

1773 5545 1826 5610 7,
1855 5545 1907 5599 8.
1959 5543 2027 5598 Et
2069 5544 2181 5597 dixi
2209 5562 2223 5597 :
2257 5544 2392 5609 Quis
2429 5544 2578 5598 dabit
2610 5543 2744 5598 mihi

1700 5630 1908 5685 pennas
1938 5615 2080 5669 sicut
2112 5615 2401 5685 columbae,
2437 5625 2491 5667 et
2529 5613 2743 5685 volabo,

1703 5684 1756 5739 et
1783 5685 2166 5756 requiescam?
2201 5684 2337 5739 Ecce
2366 5685 2628 5756 elongavi
2662 5684 2746 5739 fu-

1706 5754 1874 5825 giens
1897 5765 1949 5810 et
1976 5755 2154 5809 mansi
2191 5757 2244 5810 in
2276 5754 2589 5810 solitudine.

2249 2207 2424 2276 Sym.,
2458 2208 2719 2272 δικάσεις.
2757 2206 3009 2260 Theodot.
3035 2195 3093 2258 ut
3127 2201 3259 2276 γι.
3299 2195 3748 2276 Eusebius-acrote-

2247 2263 2341 2346 git,
2389 2263 2444 2330 ὀὶ
2481 2263 2695 2332 λοιποί
2731 2276 2973 2339 δικάσεις
3003 2291 3117 2346 μοι,
3142 2283 3197 2328 et
3227 2271 3444 2327 lectioni
3470 2267 3674 2324 codicum
3697 2263 3748 2315 [ιο

3169 2552 3467 2606 ΑΚΥΛΑΣ.

2871 2693 2922 2748 1.
2952 2692 3044 2763 Τῷ
3075 2690 3422 2763 νικοποιῷἀὲν
3441 2687 3640 2758 ψαλμοῖς
3675 2685 3752 2735 ἐπι-

2798 2761 3065 2835 στήμονὸς
3089 2762 3183 2816 τοῦ
3215 2761 3398 2816 Δαυίδ.

2865 2857 2920 2922 5,
2946 2856 2998 2910 4.
3033 2900 3045 2912 .
3082 2895 3096 2910 .
3142 2896 3156 2911 .
3193 2855 3254 2908 ὲν
3277 2852 3458 2926 ὁμιλίᾳ
3491 2867 3597 2921 μου.

2885 3156 3204 3226 ’Δνωφελές.

2872 3388 2927 3456 5.
2968 3387 3030 3438 'H
3084 3384 3284 3456 καρδία
3321 3400 3420 3453 μου
3470 3377 3687 3446 ὡδῖνησεν
3725 3375 3758 3424 ἐν

2801 3455 3017 3526 ἑγκάτῳ
3043 3472 3158 3526 μου.

2870 3547 2922 3602 6.
2955 3545 3284 3618 Εῑλίνδησις.

2878 3637 2930 3702 7,
2955 3635 3004 3690 8.

3190 4007 3468 4076 AQUILA.
3657 4086 3661 4088 Α
3732 4080 3740 4088 θ

2877 4103 2903 4157 1
2994 4099 3195 4156 Victori
3245 4101 3301 4154 in
3354 4095 3562 4168 psalmis
3605 4086 3759 4144 sciretis

2805 4172 2976 4243 ipsius
3007 4172 3194 4225 David.

2877 4335 2931 4400 ὅ,
2964 4335 3016 4388 4.
3050 4333 3172 4388 ...iu
3205 4328 3476 4404 colloquio
3505 4336 3624 4379 meo.

2881 4845 3254 4902 inutilitatem.

2980 5217 3088 5272 Cor
3136 5229 3315 5270 meum
3345 5203 3602 5285 parturivit
3641 5197 3681 5250 in
3707 5203 3750 5241 u-

2817 5289 3063 5346 sceribus
3101 5287 3259 5342 meis.

2887 5452 2940 5507 6.
2984 5449 3306 5507 Convolutio

2890 5546 2941 5611 Ἰ,
2968 5544 3020 5600 8.
3159 5549 3173 5564 ’
