  <div class='ocr_page' id='page_1' title='image "/cluster/home/n/w/nwhite01/storage/ocr_20150623/16:pt.1/hvd.32044073501371/528.png"; bbox 0 0 3932 6244; ppageno 0'>
   <div class='ocr_carea' id='block_1_1' title="bbox 236 318 359 374">
    <p class='ocr_par' dir='ltr' id='par_1_1' title="bbox 236 318 359 374">
     <span class='ocr_line' id='line_1_1' title="bbox 236 318 359 374; baseline 0 -3"><span class='ocrx_word' id='word_1_1' title='bbox 236 318 359 374; x_wconf 69' lang='grc'><strong>1011</strong></span> 
     </span>
    </p>
   </div>
   <div class='ocr_carea' id='block_1_2' title="bbox 1488 314 2192 376">
    <p class='ocr_par' dir='ltr' id='par_1_2' title="bbox 1488 314 2192 376">
     <span class='ocr_line' id='line_1_2' title="bbox 1488 314 2192 376; baseline -0.003 -2"><span class='ocrx_word' id='word_1_2' title='bbox 1488 314 1493 318; x_wconf 55' lang='grc'><em>’</em></span> <span class='ocrx_word' id='word_1_3' title='bbox 1564 318 1887 376; x_wconf 81' lang='lat' dir='ltr'><strong>PSALMUS</strong></span> <span class='ocrx_word' id='word_1_4' title='bbox 1933 316 2192 373; x_wconf 77' lang='lat' dir='ltr'><strong>LXXXII.</strong></span> 
     </span>
    </p>
   </div>
   <div class='ocr_carea' id='block_1_3' title="bbox 3345 310 3481 367">
    <p class='ocr_par' dir='ltr' id='par_1_3' title="bbox 3345 310 3481 367">
     <span class='ocr_line' id='line_1_3' title="bbox 3345 310 3481 367; baseline 0 -1"><span class='ocrx_word' id='word_1_5' title='bbox 3345 310 3481 367; x_wconf 66' lang='lat' dir='ltr'><strong>Ill/:2</strong></span> 
     </span>
    </p>
   </div>
   <div class='ocr_carea' id='block_1_4' title="bbox 1042 432 2668 501">
    <p class='ocr_par' dir='ltr' id='par_1_4' title="bbox 1042 432 2668 501">
     <span class='ocr_line' id='line_1_4' title="bbox 1042 432 2668 501; baseline -0.003 -2"><span class='ocrx_word' id='word_1_6' title='bbox 1042 440 1215 499; x_wconf 77' lang='lat' dir='ltr'><strong>Notae</strong></span> <span class='ocrx_word' id='word_1_7' title='bbox 1246 443 1308 499; x_wconf 87' lang='lat' dir='ltr'><strong>et</strong></span> <span class='ocrx_word' id='word_1_8' title='bbox 1338 437 1529 498; x_wconf 79' lang='lat' dir='ltr'><strong>variae</strong></span> <span class='ocrx_word' id='word_1_9' title='bbox 1559 436 1865 501; x_wconf 76' lang='lat' dir='ltr'><strong>lectiones</strong></span> <span class='ocrx_word' id='word_1_10' title='bbox 1899 437 1979 498; x_wconf 83' lang='lat' dir='ltr'><strong>ad</strong></span> <span class='ocrx_word' id='word_1_11' title='bbox 2026 436 2344 498; x_wconf 81' lang='lat' dir='ltr'><strong>Psalmum</strong></span> <span class='ocrx_word' id='word_1_12' title='bbox 2382 432 2668 495; x_wconf 80' lang='lat' dir='ltr'><strong>LXXXI.</strong></span> 
     </span>
    </p>
   </div>
   <div class='ocr_carea' id='block_1_5' title="bbox 1981 529 3382 608">
    <p class='ocr_par' dir='ltr' id='par_1_5' title="bbox 1981 529 3382 608">
     <span class='ocr_line' id='line_1_5' title="bbox 1981 529 3382 608; baseline -0.007 -15"><span class='ocrx_word' id='word_1_13' title='bbox 1981 536 2048 608; x_wconf 62' lang='grc' dir='ltr'><strong>Υ.</strong></span> <span class='ocrx_word' id='word_1_14' title='bbox 2078 539 2132 595; x_wconf 87' lang='grc'><strong>7.</strong></span> <span class='ocrx_word' id='word_1_15' title='bbox 2167 538 2249 603; x_wconf 88' lang='grc' dir='ltr'><strong>Σ.,</strong></span> <span class='ocrx_word' id='word_1_16' title='bbox 2278 536 2433 608; x_wconf 60' lang='grc' dir='ltr'>ὑμεῖς</span> <span class='ocrx_word' id='word_1_17' title='bbox 2465 544 2570 590; x_wconf 87' lang='lat' dir='ltr'><strong>etc.</strong></span> <span class='ocrx_word' id='word_1_18' title='bbox 2606 531 2873 608; x_wconf 80' lang='lat' dir='ltr'><strong>E_use_bius</strong></span> <span class='ocrx_word' id='word_1_19' title='bbox 2910 541 2964 588; x_wconf 83' lang='lat' dir='ltr'><strong>et</strong></span> <span class='ocrx_word' id='word_1_20' title='bbox 2991 529 3382 591; x_wconf 67' lang='lat' dir='ltr'><strong>Theowetus.</strong></span> 
     </span>
    </p>
   </div>
   <div class='ocr_carea' id='block_1_6' title="bbox 226 531 524 599">
    <p class='ocr_par' dir='ltr' id='par_1_6' title="bbox 226 531 524 599">
     <span class='ocr_line' id='line_1_6' title="bbox 226 531 524 599; baseline 0.003 -9"><span class='ocrx_word' id='word_1_21' title='bbox 226 531 326 590; x_wconf 73' lang='lat' dir='ltr'><strong>Job</strong></span> <span class='ocrx_word' id='word_1_22' title='bbox 352 552 406 599; x_wconf 87' lang='lat' dir='ltr'><strong>v,</strong></span> <span class='ocrx_word' id='word_1_23' title='bbox 438 535 524 591; x_wconf 83' lang='lat' dir='ltr'><strong>I6.</strong></span> 
     </span>
    </p>
   </div>
   <div class='ocr_carea' id='block_1_7' title="bbox 299 605 1535 679">
    <p class='ocr_par' dir='ltr' id='par_1_7' title="bbox 299 605 1535 679">
     <span class='ocr_line' id='line_1_7' title="bbox 299 605 1535 679; baseline 0.005 -20"><span class='ocrx_word' id='word_1_24' title='bbox 299 605 361 660; x_wconf 89' lang='lat' dir='ltr'><strong>V.</strong></span> <span class='ocrx_word' id='word_1_25' title='bbox 388 606 439 662; x_wconf 87' lang='lat'><strong>5.</strong></span> <span class='ocrx_word' id='word_1_26' title='bbox 473 608 555 674; x_wconf 89' lang='grc' dir='ltr'><strong>Σ.,</strong></span> <span class='ocrx_word' id='word_1_27' title='bbox 586 609 1050 679; x_wconf 76' lang='grc' dir='ltr'><strong>περι-τραπήσεται</strong></span> <span class='ocrx_word' id='word_1_28' title='bbox 1083 619 1185 664; x_wconf 91' lang='lat' dir='ltr'><strong>etc.</strong></span> <span class='ocrx_word' id='word_1_29' title='bbox 1222 608 1535 665; x_wconf 75' lang='lat' dir='ltr'><strong>Cortlerius.</strong></span> 
     </span>
    </p>
   </div>
   <div class='ocr_carea' id='block_1_8' title="bbox 541 973 943 1029">
    <p class='ocr_par' dir='ltr' id='par_1_8' title="bbox 541 973 943 1029">
     <span class='ocr_line' id='line_1_8' title="bbox 541 973 943 1029; baseline 0.012 -5"><span class='ocrx_word' id='word_1_30' title='bbox 541 973 943 1029; x_wconf 80' lang='grc' dir='ltr'><strong>ΣΥΜΜΑΧΟΣ.</strong></span> 
     </span>
    </p>
   </div>
   <div class='ocr_carea' id='block_1_9' title="bbox 295 1138 925 1213">
    <p class='ocr_par' dir='ltr' id='par_1_9' title="bbox 295 1138 925 1213">
     <span class='ocr_line' id='line_1_9' title="bbox 295 1138 925 1213; baseline 0.005 -5"><span class='ocrx_word' id='word_1_31' title='bbox 295 1139 349 1192; x_wconf 70' lang='grc'><strong>2·</strong></span> <span class='ocrx_word' id='word_1_32' title='bbox 380 1138 489 1191; x_wconf 73' lang='grc' dir='ltr'><strong>Καὶ</strong></span> <span class='ocrx_word' id='word_1_33' title='bbox 519 1138 591 1208; x_wconf 78' lang='grc' dir='ltr'><strong>μὴ</strong></span> <span class='ocrx_word' id='word_1_34' title='bbox 622 1139 925 1213; x_wconf 73' lang='grc' dir='ltr'><strong>ἠρεμήστις-</strong></span> 
     </span>
    </p>
   </div>
   <div class='ocr_carea' id='block_1_10' title="bbox 294 1230 1265 1315">
    <p class='ocr_par' dir='ltr' id='par_1_10' title="bbox 294 1230 1265 1315">
     <span class='ocr_line' id='line_1_10' title="bbox 294 1230 1265 1315; baseline -0.001 -31"><span class='ocrx_word' id='word_1_35' title='bbox 294 1230 347 1309; x_wconf 67' lang='grc' dir='ltr'><strong>ς).</strong></span> <span class='ocrx_word' id='word_1_36' title='bbox 390 1230 518 1283; x_wconf 84' lang='grc' dir='ltr'>Ἰδοὺ</span> <span class='ocrx_word' id='word_1_37' title='bbox 550 1230 658 1315; x_wconf 59' lang='grc' dir='ltr'><strong>γὰρ</strong></span> <span class='ocrx_word' id='word_1_38' title='bbox 685 1233 731 1283; x_wconf 77' lang='grc' dir='ltr'>οἱ</span> <span class='ocrx_word' id='word_1_39' title='bbox 757 1230 956 1315; x_wconf 48' lang='grc' dir='ltr'>ἐχθροί.</span> <span class='ocrx_word' id='word_1_40' title='bbox 984 1248 1073 1285; x_wconf 87' lang='grc' dir='ltr'><strong>σου</strong></span> <span class='ocrx_word' id='word_1_41' title='bbox 1104 1246 1265 1315; x_wconf 47' lang='grc' dir='ltr'>ξυνη-</span> 
     </span>
    </p>
   </div>
   <div class='ocr_carea' id='block_1_11' title="bbox 229 1300 1265 1369">
    <p class='ocr_par' dir='ltr' id='par_1_11' title="bbox 229 1300 1265 1369">
     <span class='ocr_line' id='line_1_11' title="bbox 229 1300 1265 1369; baseline 0.002 -18"><span class='ocrx_word' id='word_1_42' title='bbox 229 1300 429 1369; x_wconf 71' lang='grc' dir='ltr'>χοῦσιν,</span> <span class='ocrx_word' id='word_1_43' title='bbox 487 1300 580 1353; x_wconf 72' lang='grc' dir='ltr'><strong>καὶ</strong></span> <span class='ocrx_word' id='word_1_44' title='bbox 608 1301 656 1352; x_wconf 72' lang='grc' dir='ltr'><strong>οἱ</strong></span> <span class='ocrx_word' id='word_1_45' title='bbox 707 1300 989 1369; x_wconf 75' lang='grc' dir='ltr'><strong>μισοῦντές</strong></span> <span class='ocrx_word' id='word_1_46' title='bbox 1024 1320 1082 1355; x_wconf 81' lang='grc' dir='ltr'>σε</span> <span class='ocrx_word' id='word_1_47' title='bbox 1114 1300 1265 1353; x_wconf 70' lang='grc' dir='ltr'><strong>ἐπαὶ-</strong></span> 
     </span>
    </p>
   </div>
   <div class='ocr_carea' id='block_1_12' title="bbox 232 1370 667 1441">
    <p class='ocr_par' dir='ltr' id='par_1_12' title="bbox 232 1370 667 1441">
     <span class='ocr_line' id='line_1_12' title="bbox 232 1370 667 1441; baseline 0.009 -20"><span class='ocrx_word' id='word_1_48' title='bbox 232 1387 378 1438; x_wconf 72' lang='grc' dir='ltr'>ρουτι</span> <span class='ocrx_word' id='word_1_49' title='bbox 404 1370 667 1441; x_wconf 81' lang='grc' dir='ltr'><strong>κεφαλήν.</strong></span> 
     </span>
    </p>
   </div>
   <div class='ocr_carea' id='block_1_13' title="bbox 298 1459 1267 1531">
    <p class='ocr_par' dir='ltr' id='par_1_13' title="bbox 298 1459 1267 1531">
     <span class='ocr_line' id='line_1_13' title="bbox 298 1459 1267 1531; baseline 0.003 -19"><span class='ocrx_word' id='word_1_50' title='bbox 298 1460 347 1512; x_wconf 78' lang='grc'><strong>4.</strong></span> <span class='ocrx_word' id='word_1_51' title='bbox 382 1459 539 1531; x_wconf 70' lang='grc' dir='ltr'><strong>κατὰ</strong></span> <span class='ocrx_word' id='word_1_52' title='bbox 589 1460 682 1514; x_wconf 74' lang='grc' dir='ltr'><strong>τοῦ</strong></span> <span class='ocrx_word' id='word_1_53' title='bbox 742 1461 870 1514; x_wconf 86' lang='grc' dir='ltr'>λαοῦ</span> <span class='ocrx_word' id='word_1_54' title='bbox 903 1478 995 1514; x_wconf 84' lang='grc' dir='ltr'><strong>σου</strong></span> <span class='ocrx_word' id='word_1_55' title='bbox 1037 1462 1267 1531; x_wconf 76' lang='grc' dir='ltr'>πανούρι-</span> 
     </span>
    </p>
   </div>
   <div class='ocr_carea' id='block_1_14' title="bbox 228 1530 1264 1603">
    <p class='ocr_par' dir='ltr' id='par_1_14' title="bbox 228 1530 1264 1603">
     <span class='ocr_line' id='line_1_14' title="bbox 228 1530 1264 1603; baseline 0.004 -22"><span class='ocrx_word' id='word_1_56' title='bbox 228 1530 634 1603; x_wconf 34' lang='grc' dir='ltr'><strong>γως-ὁμιξιοῦσι,</strong></span> <span class='ocrx_word' id='word_1_57' title='bbox 676 1532 770 1583; x_wconf 72' lang='grc' dir='ltr'>καὶ</span> <span class='ocrx_word' id='word_1_58' title='bbox 813 1530 1264 1603; x_wconf 72' lang='grc' dir='ltr'>συμϐουλεύονται</span> 
     </span>
    </p>
   </div>
   <div class='ocr_carea' id='block_1_15' title="bbox 228 1599 982 1673">
    <p class='ocr_par' dir='ltr' id='par_1_15' title="bbox 228 1599 982 1673">
     <span class='ocr_line' id='line_1_15' title="bbox 228 1599 982 1673; baseline 0.003 -21"><span class='ocrx_word' id='word_1_59' title='bbox 228 1600 365 1653; x_wconf 75' lang='grc' dir='ltr'><strong>κατὰ</strong></span> <span class='ocrx_word' id='word_1_60' title='bbox 391 1599 484 1653; x_wconf 77' lang='grc' dir='ltr'><strong>τοῦ</strong></span> <span class='ocrx_word' id='word_1_61' title='bbox 514 1602 833 1673; x_wconf 82' lang='grc' dir='ltr'>ἁποκρύφου</span> <span class='ocrx_word' id='word_1_62' title='bbox 870 1599 982 1654; x_wconf 62' lang='lat' dir='ltr'><strong>sou.</strong></span> 
     </span>
    </p>
   </div>
   <div class='ocr_carea' id='block_1_16' title="bbox 297 1692 1265 1763">
    <p class='ocr_par' dir='ltr' id='par_1_16' title="bbox 297 1692 1265 1763">
     <span class='ocr_line' id='line_1_16' title="bbox 297 1692 1265 1763; baseline 0.001 -18"><span class='ocrx_word' id='word_1_63' title='bbox 297 1692 348 1745; x_wconf 85' lang='lat'><strong>5.</strong></span> <span class='ocrx_word' id='word_1_64' title='bbox 400 1693 662 1761; x_wconf 81' lang='grc' dir='ltr'><strong>Λέγουσι’</strong></span> <span class='ocrx_word' id='word_1_65' title='bbox 697 1695 1004 1763; x_wconf 64' lang='grc' dir='ltr'>Συνέλθεῖε,</span> <span class='ocrx_word' id='word_1_66' title='bbox 1046 1697 1265 1763; x_wconf 83' lang='grc' dir='ltr'><strong>ἀφανεῖς</strong></span> 
     </span>
    </p>
   </div>
   <div class='ocr_carea' id='block_1_17' title="bbox 228 1760 1261 1835">
    <p class='ocr_par' dir='ltr' id='par_1_17' title="bbox 228 1760 1261 1835">
     <span class='ocr_line' id='line_1_17' title="bbox 228 1760 1261 1835; baseline 0.005 -21"><span class='ocrx_word' id='word_1_67' title='bbox 228 1760 542 1833; x_wconf 78' lang='grc' dir='ltr'>ποιήσωμεν</span> <span class='ocrx_word' id='word_1_68' title='bbox 565 1764 785 1829; x_wconf 80' lang='grc' dir='ltr'>αὐτοὺς,</span> <span class='ocrx_word' id='word_1_69' title='bbox 821 1765 894 1835; x_wconf 85' lang='grc' dir='ltr'><strong>μὴ</strong></span> <span class='ocrx_word' id='word_1_70' title='bbox 931 1760 1061 1820; x_wconf 78' lang='grc' dir='ltr'><strong>ὦσιν</strong></span> <span class='ocrx_word' id='word_1_71' title='bbox 1092 1760 1261 1826; x_wconf 81' lang='grc' dir='ltr'><strong>ἔθνος.</strong></span> 
     </span>
    </p>
   </div>
   <div class='ocr_carea' id='block_1_18' title="bbox 295 1851 698 1906">
    <p class='ocr_par' dir='ltr' id='par_1_18' title="bbox 295 1851 698 1906">
     <span class='ocr_line' id='line_1_18' title="bbox 295 1851 698 1906; baseline 0.005 -2"><span class='ocrx_word' id='word_1_72' title='bbox 295 1851 346 1904; x_wconf 90' lang='grc'><strong>8.</strong></span> <span class='ocrx_word' id='word_1_73' title='bbox 387 1852 698 1906; x_wconf 80' lang='grc' dir='ltr'><strong>Φυλισταία.</strong></span> 
     </span>
    </p>
   </div>
   <div class='ocr_carea' id='block_1_19' title="bbox 298 1944 909 2017">
    <p class='ocr_par' dir='ltr' id='par_1_19' title="bbox 298 1944 909 2017">
     <span class='ocr_line' id='line_1_19' title="bbox 298 1944 909 2017; baseline 0.005 -19"><span class='ocrx_word' id='word_1_74' title='bbox 298 1944 347 1998; x_wconf 89' lang='lat'><strong>9.</strong></span> <span class='ocrx_word' id='word_1_75' title='bbox 388 1946 505 1998; x_wconf 85' lang='grc' dir='ltr'><strong>Ἔτι</strong></span> <span class='ocrx_word' id='word_1_76' title='bbox 532 1947 625 2000; x_wconf 80' lang='grc' dir='ltr'>καὶ</span> <span class='ocrx_word' id='word_1_77' title='bbox 668 1946 909 2017; x_wconf 79' lang='grc' dir='ltr'>Ἀσσούρ.</span> 
     </span>
    </p>
   </div>
   <div class='ocr_carea' id='block_1_20' title="bbox 222 2036 1266 2159">
    <p class='ocr_par' dir='ltr' id='par_1_20' title="bbox 222 2036 1266 2159">
     <span class='ocr_line' id='line_1_20' title="bbox 222 2036 1266 2159; baseline 0.005 -71"><span class='ocrx_word' id='word_1_78' title='bbox 222 2036 583 2159; x_wconf 48' lang='grc' dir='ltr'><strong>Λ’Ἐγένοντο</strong></span> <span class='ocrx_word' id='word_1_79' title='bbox 624 2038 897 2109; x_wconf 78' lang='grc' dir='ltr'><strong>σύμμαχοι</strong></span> <span class='ocrx_word' id='word_1_80' title='bbox 960 2045 1068 2103; x_wconf 82' lang='grc' dir='ltr'><strong>τοῖς</strong></span> <span class='ocrx_word' id='word_1_81' title='bbox 1134 2044 1266 2104; x_wconf 78' lang='grc' dir='ltr'>υἱοῖς</span> 
     </span>
     <span class='ocr_line' id='line_1_21' title="bbox 276 2123 369 2158; baseline 0.011 -1"><span class='ocrx_word' id='word_1_82' title='bbox 276 2123 369 2158; x_wconf 86' lang='grc' dir='ltr'><strong>ωτ.</strong></span> 
     </span>
    </p>
   </div>
   <div class='ocr_carea' id='block_1_21' title="bbox 276 2123 369 2158">
    <p class='ocr_par' dir='ltr' id='par_1_21' title="bbox 276 2123 369 2158">
     <span class='ocr_line' id='line_1_22' title="bbox 276 2123 369 2158; baseline 0.011 -1"><span class='ocrx_word' id='word_1_83' title='bbox 276 2123 369 2158; x_wconf 85' lang='grc' dir='ltr'><strong>ωτ.</strong></span> 
     </span>
    </p>
   </div>
   <div class='ocr_carea' id='block_1_22' title="bbox 300 2199 388 2251">
    <p class='ocr_par' dir='ltr' id='par_1_22' title="bbox 300 2199 388 2251">
     <span class='ocr_line' id='line_1_23' title="bbox 300 2199 388 2251; baseline 0 0"><span class='ocrx_word' id='word_1_84' title='bbox 300 2199 388 2251; x_wconf 89' lang='grc'><strong>11.</strong></span> 
     </span>
    </p>
   </div>
   <div class='ocr_carea' id='block_1_23' title="bbox 300 2361 939 2418">
    <p class='ocr_par' dir='ltr' id='par_1_23' title="bbox 300 2361 939 2418">
     <span class='ocr_line' id='line_1_24' title="bbox 300 2361 939 2418; baseline 0.006 -5"><span class='ocrx_word' id='word_1_85' title='bbox 300 2361 384 2414; x_wconf 86' lang='grc'><strong>15.</strong></span> <span class='ocrx_word' id='word_1_86' title='bbox 421 2362 643 2416; x_wconf 83' lang='grc' dir='ltr'><strong>Δίαιταν</strong></span> <span class='ocrx_word' id='word_1_87' title='bbox 666 2363 758 2416; x_wconf 78' lang='grc' dir='ltr'><strong>τοῦ</strong></span> <span class='ocrx_word' id='word_1_88' title='bbox 784 2364 939 2418; x_wconf 78' lang='grc' dir='ltr'><strong>Θεοῦ.</strong></span> 
     </span>
    </p>
   </div>
   <div class='ocr_carea' id='block_1_24' title="bbox 303 2451 911 2522">
    <p class='ocr_par' dir='ltr' id='par_1_24' title="bbox 303 2451 911 2522">
     <span class='ocr_line' id='line_1_25' title="bbox 303 2451 911 2522; baseline 0.01 -20"><span class='ocrx_word' id='word_1_89' title='bbox 303 2451 388 2503; x_wconf 93' lang='grc'><strong>17.</strong></span> <span class='ocrx_word' id='word_1_90' title='bbox 421 2452 692 2522; x_wconf 82' lang='grc' dir='ltr'><strong>Πρόσωπα</strong></span> <span class='ocrx_word' id='word_1_91' title='bbox 714 2455 911 2509; x_wconf 83' lang='grc' dir='ltr'><strong>αὐτῶν.</strong></span> 
     </span>
    </p>
   </div>
   <div class='ocr_carea' id='block_1_25' title="bbox 302 2541 1085 2617">
    <p class='ocr_par' dir='ltr' id='par_1_25' title="bbox 302 2541 1085 2617">
     <span class='ocr_line' id='line_1_26' title="bbox 302 2541 1085 2617; baseline 0.006 -23"><span class='ocrx_word' id='word_1_92' title='bbox 302 2541 386 2596; x_wconf 91' lang='grc'><strong>19.</strong></span> <span class='ocrx_word' id='word_1_93' title='bbox 414 2542 533 2596; x_wconf 82' lang='grc' dir='ltr'><strong>Ὅτι</strong></span> <span class='ocrx_word' id='word_1_94' title='bbox 573 2560 654 2596; x_wconf 87' lang='grc' dir='ltr'>σοι</span> <span class='ocrx_word' id='word_1_95' title='bbox 680 2544 869 2616; x_wconf 79' lang='grc' dir='ltr'>ὄνομα,</span> <span class='ocrx_word' id='word_1_96' title='bbox 899 2547 1085 2617; x_wconf 78' lang='grc' dir='ltr'><strong>Κύριε.</strong></span> 
     </span>
    </p>
   </div>
   <div class='ocr_carea' id='block_1_26' title="bbox 514 2658 956 2716">
    <p class='ocr_par' dir='ltr' id='par_1_26' title="bbox 514 2658 956 2716">
     <span class='ocr_line' id='line_1_27' title="bbox 514 2658 956 2716; baseline 0.005 -2"><span class='ocrx_word' id='word_1_97' title='bbox 514 2658 956 2716; x_wconf 82' lang='lat' dir='ltr'><strong>SYMMACHUS.</strong></span> 
     </span>
    </p>
   </div>
   <div class='ocr_carea' id='block_1_27' title="bbox 301 2777 901 2850">
    <p class='ocr_par' dir='ltr' id='par_1_27' title="bbox 301 2777 901 2850">
     <span class='ocr_line' id='line_1_28' title="bbox 301 2777 901 2850; baseline 0.007 -21"><span class='ocrx_word' id='word_1_98' title='bbox 301 2778 356 2830; x_wconf 65' lang='grc' dir='ltr'><strong>ἓ.</strong></span> <span class='ocrx_word' id='word_1_99' title='bbox 398 2777 464 2831; x_wconf 82' lang='grc' dir='ltr'>Ει</span> <span class='ocrx_word' id='word_1_100' title='bbox 495 2794 601 2833; x_wconf 90' lang='lat' dir='ltr'><strong>non</strong></span> <span class='ocrx_word' id='word_1_101' title='bbox 631 2780 901 2850; x_wconf 91' lang='lat' dir='ltr'><strong>quiescas.</strong></span> 
     </span>
    </p>
   </div>
   <div class='ocr_carea' id='block_1_28' title="bbox 302 2868 1271 2927">
    <p class='ocr_par' dir='ltr' id='par_1_28' title="bbox 302 2868 1271 2927">
     <span class='ocr_line' id='line_1_29' title="bbox 302 2868 1271 2927; baseline 0.001 -3"><span class='ocrx_word' id='word_1_102' title='bbox 302 2870 355 2924; x_wconf 93' lang='grc'><strong>5.</strong></span> <span class='ocrx_word' id='word_1_103' title='bbox 397 2868 534 2924; x_wconf 86' lang='lat' dir='ltr'><strong>Ecce</strong></span> <span class='ocrx_word' id='word_1_104' title='bbox 568 2871 712 2924; x_wconf 88' lang='lat' dir='ltr'><strong>enim</strong></span> <span class='ocrx_word' id='word_1_105' title='bbox 758 2871 959 2924; x_wconf 72' lang='lat' dir='ltr'><strong>inimiri</strong></span> <span class='ocrx_word' id='word_1_106' title='bbox 998 2872 1074 2925; x_wconf 65' lang='lat' dir='ltr'><strong>&quot;vi</strong></span> <span class='ocrx_word' id='word_1_107' title='bbox 1122 2888 1271 2927; x_wconf 88' lang='lat' dir='ltr'><strong>SOlll-</strong></span> 
     </span>
    </p>
   </div>
   <div class='ocr_carea' id='block_1_29' title="bbox 233 2939 1270 3010">
    <p class='ocr_par' dir='ltr' id='par_1_29' title="bbox 233 2939 1270 3010">
     <span class='ocr_line' id='line_1_30' title="bbox 233 2939 1270 3010; baseline 0.005 -18"><span class='ocrx_word' id='word_1_108' title='bbox 233 2949 349 2992; x_wconf 86' lang='lat' dir='ltr'><strong>tum</strong></span> <span class='ocrx_word' id='word_1_109' title='bbox 378 2939 566 3003; x_wconf 88' lang='lat' dir='ltr'><strong>edunt,</strong></span> <span class='ocrx_word' id='word_1_110' title='bbox 597 2949 651 2995; x_wconf 90' lang='lat' dir='ltr'><strong>et</strong></span> <span class='ocrx_word' id='word_1_111' title='bbox 677 2941 770 3010; x_wconf 88' lang='lat' dir='ltr'><strong>qui</strong></span> <span class='ocrx_word' id='word_1_112' title='bbox 803 2941 1035 2996; x_wconf 77' lang='lat' dir='ltr'><strong>oderunt</strong></span> <span class='ocrx_word' id='word_1_113' title='bbox 1066 2951 1117 2996; x_wconf 88' lang='lat' dir='ltr'><strong>te</strong></span> <span class='ocrx_word' id='word_1_114' title='bbox 1142 2942 1270 2997; x_wconf 80' lang='lat' dir='ltr'><strong>elle-</strong></span> 
     </span>
    </p>
   </div>
   <div class='ocr_carea' id='block_1_30' title="bbox 234 3017 577 3078">
    <p class='ocr_par' dir='ltr' id='par_1_30' title="bbox 234 3017 577 3078">
     <span class='ocr_line' id='line_1_31' title="bbox 234 3017 577 3078; baseline -0.003 -16"><span class='ocrx_word' id='word_1_115' title='bbox 234 3019 363 3063; x_wconf 80' lang='lat' dir='ltr'><strong>ruttt</strong></span> <span class='ocrx_word' id='word_1_116' title='bbox 394 3017 577 3078; x_wconf 85' lang='lat' dir='ltr'><strong>caput.</strong></span> 
     </span>
    </p>
   </div>
   <div class='ocr_carea' id='block_1_31' title="bbox 306 3310 1275 3380">
    <p class='ocr_par' dir='ltr' id='par_1_31' title="bbox 306 3310 1275 3380">
     <span class='ocr_line' id='line_1_32' title="bbox 306 3310 1275 3380; baseline 0.004 -16"><span class='ocrx_word' id='word_1_117' title='bbox 306 3310 359 3364; x_wconf 61' lang='grc' dir='ltr'><strong>ιτ.</strong></span> <span class='ocrx_word' id='word_1_118' title='bbox 401 3310 600 3366; x_wconf 77' lang='lat' dir='ltr'><strong>Contra</strong></span> <span class='ocrx_word' id='word_1_119' title='bbox 636 3311 893 3380; x_wconf 87' lang='lat' dir='ltr'><strong>populum</strong></span> <span class='ocrx_word' id='word_1_120' title='bbox 940 3318 1092 3367; x_wconf 85' lang='lat' dir='ltr'><strong>tuum</strong></span> <span class='ocrx_word' id='word_1_121' title='bbox 1128 3314 1275 3369; x_wconf 80' lang='lat' dir='ltr'><strong>vafre</strong></span> 
     </span>
    </p>
   </div>
   <div class='ocr_carea' id='block_1_32' title="bbox 236 3381 1276 3451">
    <p class='ocr_par' dir='ltr' id='par_1_32' title="bbox 236 3381 1276 3451">
     <span class='ocr_line' id='line_1_33' title="bbox 236 3381 1276 3451; baseline 0.005 -17"><span class='ocrx_word' id='word_1_122' title='bbox 236 3382 641 3451; x_wconf 86' lang='lat' dir='ltr'><strong>colloquuntur,</strong></span> <span class='ocrx_word' id='word_1_123' title='bbox 673 3390 726 3434; x_wconf 90' lang='lat' dir='ltr'><strong>et</strong></span> <span class='ocrx_word' id='word_1_124' title='bbox 768 3381 1055 3437; x_wconf 82' lang='lat' dir='ltr'><strong>consilium</strong></span> <span class='ocrx_word' id='word_1_125' title='bbox 1087 3385 1276 3442; x_wconf 88' lang='lat' dir='ltr'><strong>ineunt</strong></span> 
     </span>
    </p>
   </div>
   <div class='ocr_carea' id='block_1_33' title="bbox 236 3451 1043 3508">
    <p class='ocr_par' dir='ltr' id='par_1_33' title="bbox 236 3451 1043 3508">
     <span class='ocr_line' id='line_1_34' title="bbox 236 3451 1043 3508; baseline 0 -2"><span class='ocrx_word' id='word_1_126' title='bbox 236 3463 424 3507; x_wconf 87' lang='lat' dir='ltr'><strong>contra</strong></span> <span class='ocrx_word' id='word_1_127' title='bbox 450 3451 830 3507; x_wconf 85' lang='lat' dir='ltr'><strong>absconditum</strong></span> <span class='ocrx_word' id='word_1_128' title='bbox 870 3462 1043 3508; x_wconf 91' lang='lat' dir='ltr'><strong>tuum.</strong></span> 
     </span>
    </p>
   </div>
   <div class='ocr_carea' id='block_1_34' title="bbox 314 3750 1277 3818">
    <p class='ocr_par' dir='ltr' id='par_1_34' title="bbox 314 3750 1277 3818">
     <span class='ocr_line' id='line_1_35' title="bbox 314 3750 1277 3818; baseline 0.004 -14"><span class='ocrx_word' id='word_1_129' title='bbox 314 3751 364 3805; x_wconf 84' lang='lat'><strong>5.</strong></span> <span class='ocrx_word' id='word_1_130' title='bbox 419 3750 637 3818; x_wconf 89' lang='lat' dir='ltr'><strong>Dicunt,</strong></span> <span class='ocrx_word' id='word_1_131' title='bbox 676 3752 993 3816; x_wconf 83' lang='lat' dir='ltr'><strong>Convenite,</strong></span> <span class='ocrx_word' id='word_1_132' title='bbox 1041 3752 1109 3807; x_wconf 88' lang='lat' dir='ltr'><strong>de</strong></span> <span class='ocrx_word' id='word_1_133' title='bbox 1162 3767 1277 3808; x_wconf 91' lang='lat' dir='ltr'><strong>me-</strong></span> 
     </span>
    </p>
   </div>
   <div class='ocr_carea' id='block_1_35' title="bbox 241 3822 1178 3893">
    <p class='ocr_par' dir='ltr' id='par_1_35' title="bbox 241 3822 1178 3893">
     <span class='ocr_line' id='line_1_36' title="bbox 241 3822 1178 3893; baseline 0 -17"><span class='ocrx_word' id='word_1_134' title='bbox 241 3822 335 3876; x_wconf 88' lang='lat' dir='ltr'><strong>dio</strong></span> <span class='ocrx_word' id='word_1_135' title='bbox 364 3823 618 3878; x_wconf 88' lang='lat' dir='ltr'><strong>tollamus</strong></span> <span class='ocrx_word' id='word_1_136' title='bbox 652 3837 768 3890; x_wconf 86' lang='lat' dir='ltr'><strong>eos,</strong></span> <span class='ocrx_word' id='word_1_137' title='bbox 801 3838 869 3878; x_wconf 90' lang='lat' dir='ltr'><strong>ne</strong></span> <span class='ocrx_word' id='word_1_138' title='bbox 900 3822 1178 3893; x_wconf 81' lang='lat' dir='ltr'><strong>sintgens.</strong></span> 
     </span>
    </p>
   </div>
   <div class='ocr_carea' id='block_1_36' title="bbox 314 4061 709 4132">
    <p class='ocr_par' dir='ltr' id='par_1_36' title="bbox 314 4061 709 4132">
     <span class='ocr_line' id='line_1_37' title="bbox 314 4061 709 4132; baseline 0 -17"><span class='ocrx_word' id='word_1_139' title='bbox 314 4063 367 4115; x_wconf 92' lang='lat'><strong>8.</strong></span> <span class='ocrx_word' id='word_1_140' title='bbox 403 4061 709 4132; x_wconf 71' lang='lat' dir='ltr'><strong>Phylistzea.</strong></span> 
     </span>
    </p>
   </div>
   <div class='ocr_carea' id='block_1_37' title="bbox 317 4150 930 4224">
    <p class='ocr_par' dir='ltr' id='par_1_37' title="bbox 317 4150 930 4224">
     <span class='ocr_line' id='line_1_38' title="bbox 317 4150 930 4224; baseline -0.003 -16"><span class='ocrx_word' id='word_1_141' title='bbox 317 4154 371 4209; x_wconf 87' lang='lat'><strong>9.</strong></span> <span class='ocrx_word' id='word_1_142' title='bbox 402 4152 628 4224; x_wconf 90' lang='lat' dir='ltr'><strong>Insuper</strong></span> <span class='ocrx_word' id='word_1_143' title='bbox 665 4162 717 4208; x_wconf 94' lang='lat' dir='ltr'><strong>et</strong></span> <span class='ocrx_word' id='word_1_144' title='bbox 739 4150 930 4207; x_wconf 79' lang='lat' dir='ltr'><strong>Assur.</strong></span> 
     </span>
    </p>
   </div>
   <div class='ocr_carea' id='block_1_38' title="bbox 246 4315 1282 4439">
    <p class='ocr_par' dir='ltr' id='par_1_38' title="bbox 246 4315 1282 4439">
     <span class='ocr_line' id='line_1_39' title="bbox 246 4315 1282 4439; baseline -0.001 -69"><span class='ocrx_word' id='word_1_145' title='bbox 246 4386 286 4439; x_wconf 71' lang='lat' dir='ltr'>L</span> <span class='ocrx_word' id='word_1_146' title='bbox 317 4316 466 4372; x_wconf 89' lang='lat' dir='ltr'><strong>Facti</strong></span> <span class='ocrx_word' id='word_1_147' title='bbox 527 4323 654 4372; x_wconf 91' lang='lat' dir='ltr'><strong>sunt</strong></span> <span class='ocrx_word' id='word_1_148' title='bbox 706 4316 1101 4371; x_wconf 88' lang='lat' dir='ltr'><strong>commilitones</strong></span> <span class='ocrx_word' id='word_1_149' title='bbox 1158 4315 1282 4370; x_wconf 83' lang='lat' dir='ltr'><strong>ﬁliis</strong></span> 
     </span>
     <span class='ocr_line' id='line_1_40' title="bbox 292 4398 364 4439; baseline 0 0"><span class='ocrx_word' id='word_1_150' title='bbox 292 4398 364 4439; x_wconf 92' lang='lat' dir='ltr'><strong>ot.</strong></span> 
     </span>
    </p>
   </div>
   <div class='ocr_carea' id='block_1_39' title="bbox 292 4398 364 4442">
    <p class='ocr_par' dir='ltr' id='par_1_39' title="bbox 292 4398 364 4442">
     <span class='ocr_line' id='line_1_41' title="bbox 292 4398 364 4442; baseline 0 -1"><span class='ocrx_word' id='word_1_151' title='bbox 292 4398 364 4442; x_wconf 96' lang='lat' dir='ltr'><strong>Ol.</strong></span> 
     </span>
    </p>
   </div>
   <div class='ocr_carea' id='block_1_40' title="bbox 321 4550 408 4606">
    <p class='ocr_par' dir='ltr' id='par_1_40' title="bbox 321 4550 408 4606">
     <span class='ocr_line' id='line_1_42' title="bbox 321 4550 408 4606; baseline 0.034 -3"><span class='ocrx_word' id='word_1_152' title='bbox 321 4550 408 4606; x_wconf 90' lang='grc'><strong>11.</strong></span> 
     </span>
    </p>
   </div>
   <div class='ocr_carea' id='block_1_41' title="bbox 320 4848 903 4907">
    <p class='ocr_par' dir='ltr' id='par_1_41' title="bbox 320 4848 903 4907">
     <span class='ocr_line' id='line_1_43' title="bbox 320 4848 903 4907; baseline -0.002 -3"><span class='ocrx_word' id='word_1_153' title='bbox 320 4850 407 4905; x_wconf 88' lang='grc'><strong>15.</strong></span> <span class='ocrx_word' id='word_1_154' title='bbox 428 4848 763 4907; x_wconf 81' lang='lat' dir='ltr'><strong>Mansionem</strong></span> <span class='ocrx_word' id='word_1_155' title='bbox 791 4848 903 4905; x_wconf 89' lang='lat' dir='ltr'><strong>Dei.</strong></span> 
     </span>
    </p>
   </div>
   <div class='ocr_carea' id='block_1_42' title="bbox 322 5018 849 5076">
    <p class='ocr_par' dir='ltr' id='par_1_42' title="bbox 322 5018 849 5076">
     <span class='ocr_line' id='line_1_44' title="bbox 322 5018 849 5076; baseline 0.004 -5"><span class='ocrx_word' id='word_1_156' title='bbox 322 5018 407 5072; x_wconf 87' lang='grc'><strong>17.</strong></span> <span class='ocrx_word' id='word_1_157' title='bbox 432 5018 620 5076; x_wconf 84' lang='lat' dir='ltr'><strong>Facies</strong></span> <span class='ocrx_word' id='word_1_158' title='bbox 640 5033 849 5074; x_wconf 84' lang='lat' dir='ltr'><strong>eorum.</strong></span> 
     </span>
    </p>
   </div>
   <div class='ocr_carea' id='block_1_43' title="bbox 323 5107 1245 5177">
    <p class='ocr_par' dir='ltr' id='par_1_43' title="bbox 323 5107 1245 5177">
     <span class='ocr_line' id='line_1_45' title="bbox 323 5107 1245 5177; baseline -0.005 -11"><span class='ocrx_word' id='word_1_159' title='bbox 323 5112 410 5167; x_wconf 89' lang='grc'><strong>19.</strong></span> <span class='ocrx_word' id='word_1_160' title='bbox 438 5111 592 5175; x_wconf 84' lang='lat' dir='ltr'><strong>Quod</strong></span> <span class='ocrx_word' id='word_1_161' title='bbox 621 5124 816 5168; x_wconf 89' lang='lat' dir='ltr'><strong>nomen</strong></span> <span class='ocrx_word' id='word_1_162' title='bbox 843 5109 961 5177; x_wconf 87' lang='lat' dir='ltr'><strong>tibi,</strong></span> <span class='ocrx_word' id='word_1_163' title='bbox 997 5107 1245 5165; x_wconf 88' lang='lat' dir='ltr'><strong>Domine.</strong></span> 
     </span>
    </p>
   </div>
   <div class='ocr_carea' id='block_1_44' title="bbox 1461 876 2197 941">
    <p class='ocr_par' dir='ltr' id='par_1_44' title="bbox 1461 876 2197 941">
     <span class='ocr_line' id='line_1_46' title="bbox 1461 876 2197 941; baseline 0.003 -4"><span class='ocrx_word' id='word_1_164' title='bbox 1461 879 1823 941; x_wconf 85' lang='lat' dir='ltr'><strong>PSALMUS</strong></span> <span class='ocrx_word' id='word_1_165' title='bbox 1875 876 2197 941; x_wconf 82' lang='lat' dir='ltr'><strong>LXXXII.</strong></span> 
     </span>
    </p>
   </div>
   <div class='ocr_carea' id='block_1_45' title="bbox 1820 976 1897 1032">
    <p class='ocr_par' dir='ltr' id='par_1_45' title="bbox 1820 976 1897 1032">
     <span class='ocr_line' id='line_1_47' title="bbox 1820 976 1897 1032; baseline 0 0"><span class='ocrx_word' id='word_1_166' title='bbox 1820 976 1897 1032; x_wconf 82' lang='grc' dir='ltr'><strong>Ο’,</strong></span> 
     </span>
    </p>
   </div>
   <div class='ocr_carea' id='block_1_46' title="bbox 1412 1140 2097 1212">
    <p class='ocr_par' dir='ltr' id='par_1_46' title="bbox 1412 1140 2097 1212">
     <span class='ocr_line' id='line_1_48' title="bbox 1412 1140 2097 1212; baseline -0.001 -18"><span class='ocrx_word' id='word_1_167' title='bbox 1412 1143 1465 1194; x_wconf 74' lang='grc'><strong>2.</strong></span> <span class='ocrx_word' id='word_1_168' title='bbox 1501 1140 1651 1211; x_wconf 84' lang='grc' dir='ltr'><strong>Μηδὲ</strong></span> <span class='ocrx_word' id='word_1_169' title='bbox 1688 1141 2097 1212; x_wconf 78' lang='grc' dir='ltr'>καταπραΰνῃς.</span> 
     </span>
    </p>
   </div>
   <div class='ocr_carea' id='block_1_47' title="bbox 1408 1229 2377 1301">
    <p class='ocr_par' dir='ltr' id='par_1_47' title="bbox 1408 1229 2377 1301">
     <span class='ocr_line' id='line_1_49' title="bbox 1408 1229 2377 1301; baseline -0.007 -15"><span class='ocrx_word' id='word_1_170' title='bbox 1408 1234 1460 1286; x_wconf 79' lang='lat'><strong>3.</strong></span> <span class='ocrx_word' id='word_1_171' title='bbox 1498 1232 1620 1283; x_wconf 85' lang='grc' dir='ltr'><strong>Ὅτι</strong></span> <span class='ocrx_word' id='word_1_172' title='bbox 1653 1230 1759 1284; x_wconf 74' lang='grc' dir='ltr'>ἰδοὺ</span> <span class='ocrx_word' id='word_1_173' title='bbox 1789 1231 1847 1301; x_wconf 56' lang='lat' dir='ltr'><strong>oi</strong></span> <span class='ocrx_word' id='word_1_174' title='bbox 1863 1229 2044 1301; x_wconf 75' lang='grc' dir='ltr'>ἐχθροί</span> <span class='ocrx_word' id='word_1_175' title='bbox 2095 1248 2186 1301; x_wconf 75' lang='grc' dir='ltr'><strong>σου</strong></span> <span class='ocrx_word' id='word_1_176' title='bbox 2241 1233 2377 1301; x_wconf 75' lang='grc' dir='ltr'><strong>ἤχη-</strong></span> 
     </span>
    </p>
   </div>
   <div class='ocr_carea' id='block_1_48' title="bbox 1339 1298 2377 1441">
    <p class='ocr_par' dir='ltr' id='par_1_48' title="bbox 1339 1298 2377 1441">
     <span class='ocr_line' id='line_1_50' title="bbox 1340 1298 2377 1371; baseline -0.001 -17"><span class='ocrx_word' id='word_1_177' title='bbox 1340 1319 1459 1365; x_wconf 83' lang='grc' dir='ltr'>σαν,</span> <span class='ocrx_word' id='word_1_178' title='bbox 1497 1301 1589 1353; x_wconf 72' lang='grc' dir='ltr'><strong>καὶ</strong></span> <span class='ocrx_word' id='word_1_179' title='bbox 1619 1303 1668 1354; x_wconf 79' lang='grc' dir='ltr'>οἱ</span> <span class='ocrx_word' id='word_1_180' title='bbox 1705 1298 1985 1369; x_wconf 53' lang='grc' dir='ltr'><strong>μισοῦντές</strong></span> <span class='ocrx_word' id='word_1_181' title='bbox 2025 1316 2083 1352; x_wconf 87' lang='grc' dir='ltr'>σε</span> <span class='ocrx_word' id='word_1_182' title='bbox 2120 1298 2377 1371; x_wconf 64' lang='grc' dir='ltr'><strong>ἦρανὶέ-</strong></span> 
     </span>
     <span class='ocr_line' id='line_1_51' title="bbox 1339 1371 1532 1441; baseline 0.005 -16"><span class='ocrx_word' id='word_1_183' title='bbox 1339 1371 1532 1441; x_wconf 82' lang='grc' dir='ltr'>φαλήν.</span> 
     </span>
    </p>
   </div>
   <div class='ocr_carea' id='block_1_49' title="bbox 1408 1463 2381 1532">
    <p class='ocr_par' dir='ltr' id='par_1_49' title="bbox 1408 1463 2381 1532">
     <span class='ocr_line' id='line_1_52' title="bbox 1408 1463 2381 1532; baseline -0.004 -14"><span class='ocrx_word' id='word_1_184' title='bbox 1408 1464 1461 1518; x_wconf 70' lang='grc'><strong>4.</strong></span> <span class='ocrx_word' id='word_1_185' title='bbox 1500 1464 1621 1517; x_wconf 75' lang='grc' dir='ltr'><strong>Ἐπὶ</strong></span> <span class='ocrx_word' id='word_1_186' title='bbox 1638 1464 1727 1517; x_wconf 77' lang='grc' dir='ltr'>τὸν</span> <span class='ocrx_word' id='word_1_187' title='bbox 1751 1463 1878 1516; x_wconf 81' lang='grc' dir='ltr'>λαόν</span> <span class='ocrx_word' id='word_1_188' title='bbox 1903 1478 1994 1515; x_wconf 84' lang='grc' dir='ltr'><strong>σου</strong></span> <span class='ocrx_word' id='word_1_189' title='bbox 2020 1478 2381 1532; x_wconf 84' lang='grc' dir='ltr'>κατεπανουρ-</span> 
     </span>
    </p>
   </div>
   <div class='ocr_carea' id='block_1_50' title="bbox 1342 1532 2379 1604">
    <p class='ocr_par' dir='ltr' id='par_1_50' title="bbox 1342 1532 2379 1604">
     <span class='ocr_line' id='line_1_53' title="bbox 1342 1532 2379 1604; baseline -0.003 -17"><span class='ocrx_word' id='word_1_190' title='bbox 1342 1534 1604 1604; x_wconf 82' lang='grc' dir='ltr'>γεύσαντο</span> <span class='ocrx_word' id='word_1_191' title='bbox 1618 1533 1863 1604; x_wconf 79' lang='grc' dir='ltr'><strong>γνώμην,</strong></span> <span class='ocrx_word' id='word_1_192' title='bbox 1891 1534 1983 1586; x_wconf 75' lang='grc' dir='ltr'>καὶ</span> <span class='ocrx_word' id='word_1_193' title='bbox 1999 1532 2379 1586; x_wconf 80' lang='grc' dir='ltr'>ἐϐουλεύσαντο</span> 
     </span>
    </p>
   </div>
   <div class='ocr_carea' id='block_1_51' title="bbox 1341 1603 1953 1671">
    <p class='ocr_par' dir='ltr' id='par_1_51' title="bbox 1341 1603 1953 1671">
     <span class='ocr_line' id='line_1_54' title="bbox 1341 1603 1953 1671; baseline -0.002 -14"><span class='ocrx_word' id='word_1_194' title='bbox 1341 1603 1478 1657; x_wconf 66' lang='grc' dir='ltr'>κατὰ</span> <span class='ocrx_word' id='word_1_195' title='bbox 1505 1604 1614 1657; x_wconf 80' lang='grc' dir='ltr'><strong>τῶν</strong></span> <span class='ocrx_word' id='word_1_196' title='bbox 1638 1603 1809 1671; x_wconf 80' lang='grc' dir='ltr'>ἁγίων</span> <span class='ocrx_word' id='word_1_197' title='bbox 1840 1619 1953 1656; x_wconf 88' lang='grc' dir='ltr'>σου.</span> 
     </span>
    </p>
   </div>
   <div class='ocr_carea' id='block_1_52' title="bbox 1411 1692 2377 1767">
    <p class='ocr_par' dir='ltr' id='par_1_52' title="bbox 1411 1692 2377 1767">
     <span class='ocr_line' id='line_1_55' title="bbox 1411 1692 2377 1767; baseline -0.001 -19"><span class='ocrx_word' id='word_1_198' title='bbox 1411 1694 1461 1750; x_wconf 84' lang='grc'><strong>5.</strong></span> <span class='ocrx_word' id='word_1_199' title='bbox 1500 1692 1695 1761; x_wconf 78' lang='grc' dir='ltr'><strong>Εἶπαν,</strong></span> <span class='ocrx_word' id='word_1_200' title='bbox 1724 1693 1895 1767; x_wconf 63' lang='grc' dir='ltr'><strong>ΔεῦτεΔ</strong></span> <span class='ocrx_word' id='word_1_201' title='bbox 1928 1698 2022 1748; x_wconf 70' lang='grc' dir='ltr'>καὶ</span> <span class='ocrx_word' id='word_1_202' title='bbox 2068 1694 2377 1767; x_wconf 81' lang='grc' dir='ltr'>ὲξολοθρεύ-</span> 
     </span>
    </p>
   </div>
   <div class='ocr_carea' id='block_1_53' title="bbox 1341 1764 2051 1836">
    <p class='ocr_par' dir='ltr' id='par_1_53' title="bbox 1341 1764 2051 1836">
     <span class='ocr_line' id='line_1_56' title="bbox 1341 1764 2051 1836; baseline 0.001 -19"><span class='ocrx_word' id='word_1_203' title='bbox 1341 1782 1518 1836; x_wconf 83' lang='grc' dir='ltr'>σωμεν</span> <span class='ocrx_word' id='word_1_204' title='bbox 1546 1767 1743 1829; x_wconf 79' lang='grc' dir='ltr'>αὐτοὺς</span> <span class='ocrx_word' id='word_1_205' title='bbox 1770 1766 1827 1831; x_wconf 76' lang='grc' dir='ltr'>ἐξ</span> <span class='ocrx_word' id='word_1_206' title='bbox 1850 1764 2051 1827; x_wconf 80' lang='grc' dir='ltr'>ἔθνους.</span> 
     </span>
    </p>
   </div>
   <div class='ocr_carea' id='block_1_54' title="bbox 1407 1858 1832 1927">
    <p class='ocr_par' dir='ltr' id='par_1_54' title="bbox 1407 1858 1832 1927">
     <span class='ocr_line' id='line_1_57' title="bbox 1407 1858 1832 1927; baseline -0.005 -14"><span class='ocrx_word' id='word_1_207' title='bbox 1407 1859 1459 1913; x_wconf 90' lang='grc'><strong>8.</strong></span> <span class='ocrx_word' id='word_1_208' title='bbox 1507 1858 1832 1927; x_wconf 82' lang='grc' dir='ltr'><strong>Ἀλλόφυλοι.</strong></span> 
     </span>
    </p>
   </div>
   <div class='ocr_carea' id='block_1_55' title="bbox 1408 1948 2149 2020">
    <p class='ocr_par' dir='ltr' id='par_1_55' title="bbox 1408 1948 2149 2020">
     <span class='ocr_line' id='line_1_58' title="bbox 1408 1948 2149 2020; baseline -0.004 -14"><span class='ocrx_word' id='word_1_209' title='bbox 1408 1954 1462 2006; x_wconf 94' lang='grc'><strong>9.</strong></span> <span class='ocrx_word' id='word_1_210' title='bbox 1492 1950 1603 2004; x_wconf 80' lang='grc' dir='ltr'><strong>Καὶ</strong></span> <span class='ocrx_word' id='word_1_211' title='bbox 1630 1948 1738 2020; x_wconf 82' lang='grc' dir='ltr'><strong>γὰρ</strong></span> <span class='ocrx_word' id='word_1_212' title='bbox 1766 1950 1859 2002; x_wconf 73' lang='grc' dir='ltr'>καὶ</span> <span class='ocrx_word' id='word_1_213' title='bbox 1904 1948 2149 2019; x_wconf 82' lang='grc' dir='ltr'>Ἀσσούρ.</span> 
     </span>
    </p>
   </div>
   <div class='ocr_carea' id='block_1_56' title="bbox 1423 2039 2379 2111">
    <p class='ocr_par' dir='ltr' id='par_1_56' title="bbox 1423 2039 2379 2111">
     <span class='ocr_line' id='line_1_59' title="bbox 1423 2039 2379 2111; baseline -0.001 -18"><span class='ocrx_word' id='word_1_214' title='bbox 1423 2040 1783 2111; x_wconf 82' lang='grc' dir='ltr'>Ἑγενήθησαν</span> <span class='ocrx_word' id='word_1_215' title='bbox 1822 2043 1901 2104; x_wconf 80' lang='grc' dir='ltr'><strong>εἰς</strong></span> <span class='ocrx_word' id='word_1_216' title='bbox 1945 2039 2223 2111; x_wconf 81' lang='grc' dir='ltr'>ἀντίληψιν</span> <span class='ocrx_word' id='word_1_217' title='bbox 2268 2044 2379 2103; x_wconf 65' lang='grc' dir='ltr'>τοῖς</span> 
     </span>
    </p>
   </div>
   <div class='ocr_carea' id='block_1_57' title="bbox 1343 2110 1640 2175">
    <p class='ocr_par' dir='ltr' id='par_1_57' title="bbox 1343 2110 1640 2175">
     <span class='ocr_line' id='line_1_60' title="bbox 1343 2110 1640 2175; baseline 0.003 -10"><span class='ocrx_word' id='word_1_218' title='bbox 1343 2114 1475 2175; x_wconf 84' lang='grc' dir='ltr'>υἱοῖς</span> <span class='ocrx_word' id='word_1_219' title='bbox 1499 2110 1640 2166; x_wconf 70' lang='grc' dir='ltr'><strong>Λώτ.</strong></span> 
     </span>
    </p>
   </div>
   <div class='ocr_carea' id='block_1_58' title="bbox 1416 2200 2377 2273">
    <p class='ocr_par' dir='ltr' id='par_1_58' title="bbox 1416 2200 2377 2273">
     <span class='ocr_line' id='line_1_61' title="bbox 1416 2200 2377 2273; baseline -0.001 -18"><span class='ocrx_word' id='word_1_220' title='bbox 1416 2200 2030 2273; x_wconf 13' lang='grc' dir='ltr'><strong>11.¹Ῠ⁶Εξωλοθρεύϐησαν</strong></span> <span class='ocrx_word' id='word_1_221' title='bbox 2051 2202 2107 2254; x_wconf 82' lang='grc' dir='ltr'>ὲν</span> <span class='ocrx_word' id='word_1_222' title='bbox 2124 2200 2377 2273; x_wconf 81' lang='grc' dir='ltr'><strong>Ἀενδὼρ,</strong></span> 
     </span>
    </p>
   </div>
   <div class='ocr_carea' id='block_1_59' title="bbox 1342 2272 2272 2343">
    <p class='ocr_par' dir='ltr' id='par_1_59' title="bbox 1342 2272 2272 2343">
     <span class='ocr_line' id='line_1_62' title="bbox 1342 2272 2272 2343; baseline -0.002 -18"><span class='ocrx_word' id='word_1_223' title='bbox 1342 2272 1673 2342; x_wconf 76' lang='grc' dir='ltr'><strong>ἐγενήθησαν</strong></span> <span class='ocrx_word' id='word_1_224' title='bbox 1703 2272 1834 2324; x_wconf 70' lang='grc' dir='ltr'>ὡσεὶ</span> <span class='ocrx_word' id='word_1_225' title='bbox 1863 2272 2065 2343; x_wconf 86' lang='grc' dir='ltr'>κόπρος</span> <span class='ocrx_word' id='word_1_226' title='bbox 2089 2275 2154 2342; x_wconf 83' lang='grc' dir='ltr'><strong>τῇ</strong></span> <span class='ocrx_word' id='word_1_227' title='bbox 2183 2274 2272 2341; x_wconf 85' lang='grc' dir='ltr'><strong>γῇ.</strong></span> 
     </span>
    </p>
   </div>
   <div class='ocr_carea' id='block_1_60' title="bbox 1413 2362 2280 2436">
    <p class='ocr_par' dir='ltr' id='par_1_60' title="bbox 1413 2362 2280 2436">
     <span class='ocr_line' id='line_1_63' title="bbox 1413 2362 2280 2436; baseline -0.001 -21"><span class='ocrx_word' id='word_1_228' title='bbox 1413 2363 1496 2417; x_wconf 88' lang='grc'><strong>15.</strong></span> <span class='ocrx_word' id='word_1_229' title='bbox 1528 2362 1600 2415; x_wconf 87' lang='grc' dir='ltr'><strong>Τὸ</strong></span> <span class='ocrx_word' id='word_1_230' title='bbox 1625 2363 1975 2436; x_wconf 76' lang='grc' dir='ltr'>ἁγιαστήριον</span> <span class='ocrx_word' id='word_1_231' title='bbox 1996 2362 2088 2415; x_wconf 79' lang='grc' dir='ltr'><strong>τοῦ</strong></span> <span class='ocrx_word' id='word_1_232' title='bbox 2126 2362 2280 2415; x_wconf 77' lang='grc' dir='ltr'>Θεοῦ.</span> 
     </span>
    </p>
   </div>
   <div class='ocr_carea' id='block_1_61' title="bbox 1415 2454 2025 2525">
    <p class='ocr_par' dir='ltr' id='par_1_61' title="bbox 1415 2454 2025 2525">
     <span class='ocr_line' id='line_1_64' title="bbox 1415 2454 2025 2525; baseline -0.002 -16"><span class='ocrx_word' id='word_1_233' title='bbox 1415 2456 1496 2509; x_wconf 96' lang='grc'><strong>17.</strong></span> <span class='ocrx_word' id='word_1_234' title='bbox 1532 2456 1804 2525; x_wconf 72' lang='grc' dir='ltr'><strong>Πρόσωπα</strong></span> <span class='ocrx_word' id='word_1_235' title='bbox 1830 2454 2025 2508; x_wconf 83' lang='grc' dir='ltr'>αὐτῶν.</span> 
     </span>
    </p>
   </div>
   <div class='ocr_carea' id='block_1_62' title="bbox 1412 2549 2205 2620">
    <p class='ocr_par' dir='ltr' id='par_1_62' title="bbox 1412 2549 2205 2620">
     <span class='ocr_line' id='line_1_65' title="bbox 1412 2549 2205 2620; baseline 0.004 -17"><span class='ocrx_word' id='word_1_236' title='bbox 1412 2551 1496 2606; x_wconf 92' lang='grc'><strong>19.</strong></span> <span class='ocrx_word' id='word_1_237' title='bbox 1529 2550 1649 2602; x_wconf 84' lang='grc' dir='ltr'><strong>Ὅτι</strong></span> <span class='ocrx_word' id='word_1_238' title='bbox 1676 2549 1845 2619; x_wconf 82' lang='grc' dir='ltr'>ὄνομά</span> <span class='ocrx_word' id='word_1_239' title='bbox 1876 2566 1958 2601; x_wconf 76' lang='grc' dir='ltr'><strong>σοι</strong></span> <span class='ocrx_word' id='word_1_240' title='bbox 1986 2550 2205 2620; x_wconf 81' lang='grc' dir='ltr'><strong>Κύριος.</strong></span> 
     </span>
    </p>
   </div>
   <div class='ocr_carea' id='block_1_63' title="bbox 1492 2662 2169 2718">
    <p class='ocr_par' dir='ltr' id='par_1_63' title="bbox 1492 2662 2169 2718">
     <span class='ocr_line' id='line_1_66' title="bbox 1492 2662 2169 2718; baseline 0.003 -2"><span class='ocrx_word' id='word_1_241' title='bbox 1492 2664 1632 2717; x_wconf 78' lang='lat' dir='ltr'><strong>LXX</strong></span> <span class='ocrx_word' id='word_1_242' title='bbox 1672 2662 2169 2718; x_wconf 68' lang='lat' dir='ltr'><strong>INTERPBETES.</strong></span> 
     </span>
    </p>
   </div>
   <div class='ocr_carea' id='block_1_64' title="bbox 1417 2780 2100 2851">
    <p class='ocr_par' dir='ltr' id='par_1_64' title="bbox 1417 2780 2100 2851">
     <span class='ocr_line' id='line_1_67' title="bbox 1417 2780 2100 2851; baseline 0.001 -16"><span class='ocrx_word' id='word_1_243' title='bbox 1417 2782 1471 2836; x_wconf 72' lang='grc'><strong>2.</strong></span> <span class='ocrx_word' id='word_1_244' title='bbox 1503 2780 1690 2851; x_wconf 85' lang='lat' dir='ltr'><strong>Neque</strong></span> <span class='ocrx_word' id='word_1_245' title='bbox 1717 2782 2100 2851; x_wconf 78' lang='lat' dir='ltr'><strong>compescaris.</strong></span> 
     </span>
    </p>
   </div>
   <div class='ocr_carea' id='block_1_65' title="bbox 1415 2870 2383 2935">
    <p class='ocr_par' dir='ltr' id='par_1_65' title="bbox 1415 2870 2383 2935">
     <span class='ocr_line' id='line_1_68' title="bbox 1415 2870 2383 2935; baseline 0.001 -10"><span class='ocrx_word' id='word_1_246' title='bbox 1415 2872 1467 2925; x_wconf 88' lang='grc'><strong>5.</strong></span> <span class='ocrx_word' id='word_1_247' title='bbox 1526 2870 1796 2935; x_wconf 82' lang='lat' dir='ltr'><strong>Quoniam</strong></span> <span class='ocrx_word' id='word_1_248' title='bbox 1856 2884 1985 2926; x_wconf 87' lang='lat' dir='ltr'><strong>ecce</strong></span> <span class='ocrx_word' id='word_1_249' title='bbox 2048 2870 2253 2926; x_wconf 90' lang='lat' dir='ltr'><strong>inimici</strong></span> <span class='ocrx_word' id='word_1_250' title='bbox 2309 2876 2383 2926; x_wconf 91' lang='lat' dir='ltr'><strong>tui</strong></span> 
     </span>
    </p>
   </div>
   <div class='ocr_carea' id='block_1_66' title="bbox 1344 2938 2381 3008">
    <p class='ocr_par' dir='ltr' id='par_1_66' title="bbox 1344 2938 2381 3008">
     <span class='ocr_line' id='line_1_69' title="bbox 1344 2938 2381 3008; baseline 0 -13"><span class='ocrx_word' id='word_1_251' title='bbox 1344 2949 1663 3005; x_wconf 78' lang='lat' dir='ltr'><strong>sonuerunt,</strong></span> <span class='ocrx_word' id='word_1_252' title='bbox 1687 2948 1741 2994; x_wconf 80' lang='lat' dir='ltr'><strong>et</strong></span> <span class='ocrx_word' id='word_1_253' title='bbox 1760 2938 1852 3008; x_wconf 89' lang='lat' dir='ltr'><strong>qui</strong></span> <span class='ocrx_word' id='word_1_254' title='bbox 1881 2940 2111 2995; x_wconf 87' lang='lat' dir='ltr'><strong>oderunt</strong></span> <span class='ocrx_word' id='word_1_255' title='bbox 2139 2949 2190 2994; x_wconf 87' lang='lat' dir='ltr'><strong>te</strong></span> <span class='ocrx_word' id='word_1_256' title='bbox 2223 2949 2381 2995; x_wconf 83' lang='lat' dir='ltr'><strong>extu-</strong></span> 
     </span>
    </p>
   </div>
   <div class='ocr_carea' id='block_1_67' title="bbox 1346 3010 1727 3079">
    <p class='ocr_par' dir='ltr' id='par_1_67' title="bbox 1346 3010 1727 3079">
     <span class='ocr_line' id='line_1_70' title="bbox 1346 3010 1727 3079; baseline 0.005 -16"><span class='ocrx_word' id='word_1_257' title='bbox 1346 3010 1524 3064; x_wconf 89' lang='lat' dir='ltr'><strong>lerunt</strong></span> <span class='ocrx_word' id='word_1_258' title='bbox 1546 3019 1727 3079; x_wconf 85' lang='lat' dir='ltr'><strong>caput.</strong></span> 
     </span>
    </p>
   </div>
   <div class='ocr_carea' id='block_1_68' title="bbox 1418 3315 2387 3386">
    <p class='ocr_par' dir='ltr' id='par_1_68' title="bbox 1418 3315 2387 3386">
     <span class='ocr_line' id='line_1_71' title="bbox 1418 3315 2387 3386; baseline 0.001 -17"><span class='ocrx_word' id='word_1_259' title='bbox 1418 3316 1469 3369; x_wconf 75' lang='grc'><strong>4.</strong></span> <span class='ocrx_word' id='word_1_260' title='bbox 1512 3315 1687 3386; x_wconf 83' lang='lat' dir='ltr'><strong>Super</strong></span> <span class='ocrx_word' id='word_1_261' title='bbox 1724 3316 1981 3386; x_wconf 87' lang='lat' dir='ltr'><strong>populum</strong></span> <span class='ocrx_word' id='word_1_262' title='bbox 2030 3324 2182 3370; x_wconf 92' lang='lat' dir='ltr'><strong>tuum</strong></span> <span class='ocrx_word' id='word_1_263' title='bbox 2230 3317 2387 3370; x_wconf 83' lang='lat' dir='ltr'><strong>mali-</strong></span> 
     </span>
    </p>
   </div>
   <div class='ocr_carea' id='block_1_69' title="bbox 1349 3387 2386 3456">
    <p class='ocr_par' dir='ltr' id='par_1_69' title="bbox 1349 3387 2386 3456">
     <span class='ocr_line' id='line_1_72' title="bbox 1349 3387 2386 3456; baseline 0.003 -17"><span class='ocrx_word' id='word_1_264' title='bbox 1349 3396 1649 3456; x_wconf 78' lang='lat' dir='ltr'><strong>gnaverunt</strong></span> <span class='ocrx_word' id='word_1_265' title='bbox 1677 3388 1989 3451; x_wconf 89' lang='lat' dir='ltr'><strong>consilium,</strong></span> <span class='ocrx_word' id='word_1_266' title='bbox 2021 3394 2074 3441; x_wconf 88' lang='lat' dir='ltr'><strong>et</strong></span> <span class='ocrx_word' id='word_1_267' title='bbox 2114 3387 2386 3456; x_wconf 79' lang='lat' dir='ltr'><strong>cogitave-</strong></span> 
     </span>
    </p>
   </div>
   <div class='ocr_carea' id='block_1_70' title="bbox 1350 3458 2191 3514">
    <p class='ocr_par' dir='ltr' id='par_1_70' title="bbox 1350 3458 2191 3514">
     <span class='ocr_line' id='line_1_73' title="bbox 1350 3458 2191 3514; baseline 0.001 -4"><span class='ocrx_word' id='word_1_268' title='bbox 1350 3465 1477 3510; x_wconf 86' lang='lat' dir='ltr'><strong>runt</strong></span> <span class='ocrx_word' id='word_1_269' title='bbox 1499 3458 1759 3512; x_wconf 87' lang='lat' dir='ltr'><strong>adversus</strong></span> <span class='ocrx_word' id='word_1_270' title='bbox 1790 3466 2011 3514; x_wconf 87' lang='lat' dir='ltr'><strong>sanctos</strong></span> <span class='ocrx_word' id='word_1_271' title='bbox 2045 3465 2191 3512; x_wconf 89' lang='lat' dir='ltr'><strong>tuos.</strong></span> 
     </span>
    </p>
   </div>
   <div class='ocr_carea' id='block_1_71' title="bbox 1426 3754 2385 3827">
    <p class='ocr_par' dir='ltr' id='par_1_71' title="bbox 1426 3754 2385 3827">
     <span class='ocr_line' id='line_1_74' title="bbox 1426 3754 2385 3827; baseline -0.001 -16"><span class='ocrx_word' id='word_1_272' title='bbox 1426 3758 1477 3811; x_wconf 85' lang='lat'><strong>5.</strong></span> <span class='ocrx_word' id='word_1_273' title='bbox 1515 3757 1795 3821; x_wconf 76' lang='lat' dir='ltr'><strong>Dixerunt,</strong></span> <span class='ocrx_word' id='word_1_274' title='bbox 1844 3754 2034 3811; x_wconf 82' lang='lat' dir='ltr'><strong>Venite</strong></span> <span class='ocrx_word' id='word_1_275' title='bbox 2086 3765 2140 3813; x_wconf 85' lang='lat' dir='ltr'><strong>et</strong></span> <span class='ocrx_word' id='word_1_276' title='bbox 2178 3757 2385 3827; x_wconf 82' lang='lat' dir='ltr'><strong>disper-</strong></span> 
     </span>
    </p>
   </div>
   <div class='ocr_carea' id='block_1_72' title="bbox 1352 3828 1968 3896">
    <p class='ocr_par' dir='ltr' id='par_1_72' title="bbox 1352 3828 1968 3896">
     <span class='ocr_line' id='line_1_75' title="bbox 1352 3828 1968 3896; baseline -0.003 -14"><span class='ocrx_word' id='word_1_277' title='bbox 1352 3828 1545 3884; x_wconf 89' lang='lat' dir='ltr'><strong>damus</strong></span> <span class='ocrx_word' id='word_1_278' title='bbox 1569 3844 1663 3884; x_wconf 90' lang='lat' dir='ltr'><strong>eos</strong></span> <span class='ocrx_word' id='word_1_279' title='bbox 1694 3828 1761 3884; x_wconf 91' lang='lat' dir='ltr'><strong>de</strong></span> <span class='ocrx_word' id='word_1_280' title='bbox 1792 3836 1968 3896; x_wconf 73' lang='lat' dir='ltr'><strong>gente.</strong></span> 
     </span>
    </p>
   </div>
   <div class='ocr_carea' id='block_1_73' title="bbox 1424 4058 1858 4128">
    <p class='ocr_par' dir='ltr' id='par_1_73' title="bbox 1424 4058 1858 4128">
     <span class='ocr_line' id='line_1_76' title="bbox 1424 4058 1858 4128; baseline -0.005 -15"><span class='ocrx_word' id='word_1_281' title='bbox 1424 4060 1475 4113; x_wconf 93' lang='lat'><strong>8.</strong></span> <span class='ocrx_word' id='word_1_282' title='bbox 1514 4058 1858 4128; x_wconf 57' lang='lat' dir='ltr'><strong>Alienigena).</strong></span> 
     </span>
    </p>
   </div>
   <div class='ocr_carea' id='block_1_74' title="bbox 1425 4156 2023 4214">
    <p class='ocr_par' dir='ltr' id='par_1_74' title="bbox 1425 4156 2023 4214">
     <span class='ocr_line' id='line_1_77' title="bbox 1425 4156 2023 4214; baseline -0.002 0"><span class='ocrx_word' id='word_1_283' title='bbox 1425 4160 1477 4214; x_wconf 92' lang='lat'><strong>9.</strong></span> <span class='ocrx_word' id='word_1_284' title='bbox 1518 4156 1728 4214; x_wconf 82' lang='lat' dir='ltr'><strong>Etenim</strong></span> <span class='ocrx_word' id='word_1_285' title='bbox 1760 4167 1813 4214; x_wconf 84' lang='lat' dir='ltr'><strong>et</strong></span> <span class='ocrx_word' id='word_1_286' title='bbox 1830 4156 2023 4213; x_wconf 85' lang='lat' dir='ltr'><strong>Assur.</strong></span> 
     </span>
    </p>
   </div>
   <div class='ocr_carea' id='block_1_75' title="bbox 1353 4317 2391 4446">
    <p class='ocr_par' dir='ltr' id='par_1_75' title="bbox 1353 4317 2391 4446">
     <span class='ocr_line' id='line_1_78' title="bbox 1353 4317 2391 4446; baseline -0.002 -71"><span class='ocrx_word' id='word_1_287' title='bbox 1353 4392 1395 4446; x_wconf 74' lang='lat' dir='ltr'><strong>L</strong></span> <span class='ocrx_word' id='word_1_288' title='bbox 1424 4322 1572 4377; x_wconf 83' lang='lat' dir='ltr'><strong>Facti</strong></span> <span class='ocrx_word' id='word_1_289' title='bbox 1626 4330 1754 4377; x_wconf 81' lang='lat' dir='ltr'><strong>sunt</strong></span> <span class='ocrx_word' id='word_1_290' title='bbox 1790 4321 1844 4375; x_wconf 90' lang='lat' dir='ltr'><strong>in</strong></span> <span class='ocrx_word' id='word_1_291' title='bbox 1896 4320 2224 4390; x_wconf 65' lang='lat' dir='ltr'><strong>adjutorium</strong></span> <span class='ocrx_word' id='word_1_292' title='bbox 2268 4317 2391 4374; x_wconf 73' lang='lat' dir='ltr'><strong>[illis</strong></span> 
     </span>
     <span class='ocr_line' id='line_1_79' title="bbox 1398 4402 1475 4446; baseline 0 0"><span class='ocrx_word' id='word_1_293' title='bbox 1398 4402 1475 4446; x_wconf 91' lang='lat' dir='ltr'><strong>Ol.</strong></span> 
     </span>
    </p>
   </div>
   <div class='ocr_carea' id='block_1_76' title="bbox 1398 4402 1475 4447">
    <p class='ocr_par' dir='ltr' id='par_1_76' title="bbox 1398 4402 1475 4447">
     <span class='ocr_line' id='line_1_80' title="bbox 1398 4402 1475 4447; baseline -0.013 0"><span class='ocrx_word' id='word_1_294' title='bbox 1398 4402 1475 4447; x_wconf 89' lang='lat' dir='ltr'><strong>Ol.</strong></span> 
     </span>
    </p>
   </div>
   <div class='ocr_carea' id='block_1_77' title="bbox 1412 4548 2391 4637">
    <p class='ocr_par' dir='ltr' id='par_1_77' title="bbox 1412 4548 2391 4637">
     <span class='ocr_line' id='line_1_81' title="bbox 1412 4548 2391 4637; baseline -0.004 -29"><span class='ocrx_word' id='word_1_295' title='bbox 1412 4556 1517 4637; x_wconf 41' lang='grc'><strong>,11.</strong></span> <span class='ocrx_word' id='word_1_296' title='bbox 1557 4553 2009 4637; x_wconf 77' lang='lat' dir='ltr'><strong>Disperieruntin</strong></span> <span class='ocrx_word' id='word_1_297' title='bbox 2033 4552 2269 4617; x_wconf 81' lang='lat' dir='ltr'><strong>Aendor,</strong></span> <span class='ocrx_word' id='word_1_298' title='bbox 2307 4548 2391 4605; x_wconf 80' lang='lat' dir='ltr'><strong>fa-</strong></span> 
     </span>
    </p>
   </div>
   <div class='ocr_carea' id='block_1_78' title="bbox 1355 4634 2117 4682">
    <p class='ocr_par' dir='ltr' id='par_1_78' title="bbox 1355 4634 2117 4682">
     <span class='ocr_line' id='line_1_82' title="bbox 1355 4634 2117 4682; baseline -0.008 0"><span class='ocrx_word' id='word_1_299' title='bbox 1355 4634 1428 4682; x_wconf 82' lang='lat' dir='ltr'><strong>ClI</strong></span> <span class='ocrx_word' id='word_1_300' title='bbox 1458 4636 1583 4681; x_wconf 89' lang='lat' dir='ltr'><strong>sunt</strong></span> <span class='ocrx_word' id='word_1_301' title='bbox 1616 4636 1675 4681; x_wconf 70' lang='lat' dir='ltr'><strong>[Il</strong></span> <span class='ocrx_word' id='word_1_302' title='bbox 1704 4634 1913 4682; x_wconf 72' lang='lat' dir='ltr'><strong>Sch‘CUS</strong></span> <span class='ocrx_word' id='word_1_303' title='bbox 1942 4634 2117 4677; x_wconf 64' lang='lat' dir='ltr'><strong>IBI&#39;TIB.</strong></span> 
     </span>
    </p>
   </div>
   <div class='ocr_carea' id='block_1_79' title="bbox 1430 4853 2072 4909">
    <p class='ocr_par' dir='ltr' id='par_1_79' title="bbox 1430 4853 2072 4909">
     <span class='ocr_line' id='line_1_83' title="bbox 1430 4853 2072 4909; baseline -0.003 0"><span class='ocrx_word' id='word_1_304' title='bbox 1430 4855 1516 4909; x_wconf 82' lang='grc'><strong>15.</strong></span> <span class='ocrx_word' id='word_1_305' title='bbox 1548 4854 1929 4909; x_wconf 85' lang='lat' dir='ltr'><strong>Sanctuarium</strong></span> <span class='ocrx_word' id='word_1_306' title='bbox 1964 4853 2072 4908; x_wconf 86' lang='lat' dir='ltr'><strong>Dei.</strong></span> 
     </span>
    </p>
   </div>
   <div class='ocr_carea' id='block_1_80' title="bbox 1430 5015 1957 5071">
    <p class='ocr_par' dir='ltr' id='par_1_80' title="bbox 1430 5015 1957 5071">
     <span class='ocr_line' id='line_1_84' title="bbox 1430 5015 1957 5071; baseline -0.008 0"><span class='ocrx_word' id='word_1_307' title='bbox 1430 5017 1516 5071; x_wconf 87' lang='grc'><strong>17.</strong></span> <span class='ocrx_word' id='word_1_308' title='bbox 1537 5015 1726 5071; x_wconf 85' lang='lat' dir='ltr'><strong>Facies</strong></span> <span class='ocrx_word' id='word_1_309' title='bbox 1748 5028 1957 5070; x_wconf 84' lang='lat' dir='ltr'><strong>eorum.</strong></span> 
     </span>
    </p>
   </div>
   <div class='ocr_carea' id='block_1_81' title="bbox 1426 5105 2384 5175">
    <p class='ocr_par' dir='ltr' id='par_1_81' title="bbox 1426 5105 2384 5175">
     <span class='ocr_line' id='line_1_85' title="bbox 1426 5105 2384 5175; baseline -0.006 -11"><span class='ocrx_word' id='word_1_310' title='bbox 1426 5110 1513 5165; x_wconf 90' lang='grc'><strong>19.</strong></span> <span class='ocrx_word' id='word_1_311' title='bbox 1545 5109 1684 5175; x_wconf 82' lang='lat' dir='ltr'><strong>Quia</strong></span> <span class='ocrx_word' id='word_1_312' title='bbox 1720 5122 1918 5163; x_wconf 91' lang='lat' dir='ltr'><strong>nomen</strong></span> <span class='ocrx_word' id='word_1_313' title='bbox 1952 5107 2045 5162; x_wconf 86' lang='lat' dir='ltr'><strong>tibi</strong></span> <span class='ocrx_word' id='word_1_314' title='bbox 2104 5105 2384 5161; x_wconf 87' lang='lat' dir='ltr'><strong>Dominus.</strong></span> 
     </span>
    </p>
   </div>
   <div class='ocr_carea' id='block_1_82' title="bbox 1982 602 2932 677">
    <p class='ocr_par' dir='ltr' id='par_1_82' title="bbox 1982 602 2932 677">
     <span class='ocr_line' id='line_1_86' title="bbox 1982 602 2932 677; baseline -0.008 -14"><span class='ocrx_word' id='word_1_315' title='bbox 1982 607 2049 662; x_wconf 65' lang='grc' dir='ltr'><strong>ν.</strong></span> <span class='ocrx_word' id='word_1_316' title='bbox 2083 608 2135 663; x_wconf 93' lang='lat'><strong>8.</strong></span> <span class='ocrx_word' id='word_1_317' title='bbox 2165 610 2247 675; x_wconf 89' lang='grc' dir='ltr'><strong>Σ.,</strong></span> <span class='ocrx_word' id='word_1_318' title='bbox 2280 602 2436 677; x_wconf 65' lang='grc' dir='ltr'><strong>σὲῆθι</strong></span> <span class='ocrx_word' id='word_1_319' title='bbox 2475 615 2581 661; x_wconf 91' lang='lat' dir='ltr'><strong>etc.</strong></span> <span class='ocrx_word' id='word_1_320' title='bbox 2622 602 2932 660; x_wconf 87' lang='lat' dir='ltr'><strong>Cordcrius.</strong></span> 
     </span>
    </p>
   </div>
   <div class='ocr_carea' id='block_1_83' title="bbox 2766 974 3161 1029">
    <p class='ocr_par' dir='ltr' id='par_1_83' title="bbox 2766 974 3161 1029">
     <span class='ocr_line' id='line_1_87' title="bbox 2766 974 3161 1029; baseline 0.003 -1"><span class='ocrx_word' id='word_1_321' title='bbox 2766 974 3161 1029; x_wconf 81' lang='grc' dir='ltr'><strong>ΘΕΟΔΟΤΙΩΝ.</strong></span> 
     </span>
    </p>
   </div>
   <div class='ocr_carea' id='block_1_84' title="bbox 2524 1140 2579 1193">
    <p class='ocr_par' dir='ltr' id='par_1_84' title="bbox 2524 1140 2579 1193">
     <span class='ocr_line' id='line_1_88' title="bbox 2524 1140 2579 1193; baseline -0.018 0"><span class='ocrx_word' id='word_1_322' title='bbox 2524 1140 2579 1193; x_wconf 75' lang='grc'><strong>2.</strong></span> 
     </span>
    </p>
   </div>
   <div class='ocr_carea' id='block_1_85' title="bbox 2522 1232 2574 1285">
    <p class='ocr_par' dir='ltr' id='par_1_85' title="bbox 2522 1232 2574 1285">
     <span class='ocr_line' id='line_1_89' title="bbox 2522 1232 2574 1285; baseline -0.019 0"><span class='ocrx_word' id='word_1_323' title='bbox 2522 1232 2574 1285; x_wconf 90' lang='grc'><strong>5.</strong></span> 
     </span>
    </p>
   </div>
   <div class='ocr_carea' id='block_1_86' title="bbox 2518 1464 2573 1517">
    <p class='ocr_par' dir='ltr' id='par_1_86' title="bbox 2518 1464 2573 1517">
     <span class='ocr_line' id='line_1_90' title="bbox 2518 1464 2573 1517; baseline 0 0"><span class='ocrx_word' id='word_1_324' title='bbox 2518 1464 2573 1517; x_wconf 71' lang='grc'><strong>4.</strong></span> 
     </span>
    </p>
   </div>
   <div class='ocr_carea' id='block_1_87' title="bbox 2521 1696 2573 1749">
    <p class='ocr_par' dir='ltr' id='par_1_87' title="bbox 2521 1696 2573 1749">
     <span class='ocr_line' id='line_1_91' title="bbox 2521 1696 2573 1749; baseline -0.019 0"><span class='ocrx_word' id='word_1_325' title='bbox 2521 1696 2573 1749; x_wconf 84' lang='grc'><strong>5.</strong></span> 
     </span>
    </p>
   </div>
   <div class='ocr_carea' id='block_1_88' title="bbox 2532 1856 2583 1908">
    <p class='ocr_par' dir='ltr' id='par_1_88' title="bbox 2532 1856 2583 1908">
     <span class='ocr_line' id='line_1_92' title="bbox 2532 1856 2583 1908; baseline -0.02 0"><span class='ocrx_word' id='word_1_326' title='bbox 2532 1856 2583 1908; x_wconf 88' lang='grc'><strong>8.</strong></span> 
     </span>
    </p>
   </div>
   <div class='ocr_carea' id='block_1_89' title="bbox 2523 1916 3167 2017">
    <p class='ocr_par' dir='ltr' id='par_1_89' title="bbox 2523 1916 3167 2017">
     <span class='ocr_line' id='line_1_93' title="bbox 2523 1916 3167 2017; baseline -0.005 -15"><span class='ocrx_word' id='word_1_327' title='bbox 2523 1949 2573 2002; x_wconf 89' lang='grc'><strong>9.</strong></span> <span class='ocrx_word' id='word_1_328' title='bbox 2608 1946 2777 2014; x_wconf 82' lang='grc' dir='ltr'>Καίγε</span> <span class='ocrx_word' id='word_1_329' title='bbox 2808 1944 3053 2017; x_wconf 66' lang='grc' dir='ltr'><strong>Ἀσσς-ύρ.</strong></span> <span class='ocrx_word' id='word_1_330' title='bbox 3162 1916 3167 1921; x_wconf 13' lang='grc' dir='ltr'>ξ</span> 
     </span>
    </p>
   </div>
   <div class='ocr_carea' id='block_1_90' title="bbox 2526 2203 2609 2256">
    <p class='ocr_par' dir='ltr' id='par_1_90' title="bbox 2526 2203 2609 2256">
     <span class='ocr_line' id='line_1_94' title="bbox 2526 2203 2609 2256; baseline 0 -1"><span class='ocrx_word' id='word_1_331' title='bbox 2526 2203 2609 2256; x_wconf 92' lang='grc'><strong>11.</strong></span> 
     </span>
    </p>
   </div>
   <div class='ocr_carea' id='block_1_91' title="bbox 2523 2365 2610 2418">
    <p class='ocr_par' dir='ltr' id='par_1_91' title="bbox 2523 2365 2610 2418">
     <span class='ocr_line' id='line_1_95' title="bbox 2523 2365 2610 2418; baseline -0.034 0"><span class='ocrx_word' id='word_1_332' title='bbox 2523 2365 2610 2418; x_wconf 88' lang='grc'><strong>15.</strong></span> 
     </span>
    </p>
   </div>
   <div class='ocr_carea' id='block_1_92' title="bbox 2521 2455 3125 2528">
    <p class='ocr_par' dir='ltr' id='par_1_92' title="bbox 2521 2455 3125 2528">
     <span class='ocr_line' id='line_1_96' title="bbox 2521 2455 3125 2528; baseline 0 -18"><span class='ocrx_word' id='word_1_333' title='bbox 2521 2456 2607 2512; x_wconf 94' lang='grc'><strong>17.</strong></span> <span class='ocrx_word' id='word_1_334' title='bbox 2635 2456 2905 2528; x_wconf 80' lang='grc' dir='ltr'><strong>Πρὸσωπα</strong></span> <span class='ocrx_word' id='word_1_335' title='bbox 2930 2455 3125 2510; x_wconf 82' lang='grc' dir='ltr'>αὐτῶν.</span> 
     </span>
    </p>
   </div>
   <div class='ocr_carea' id='block_1_93' title="bbox 2520 2546 3305 2621">
    <p class='ocr_par' dir='ltr' id='par_1_93' title="bbox 2520 2546 3305 2621">
     <span class='ocr_line' id='line_1_97' title="bbox 2520 2546 3305 2621; baseline 0 -18"><span class='ocrx_word' id='word_1_336' title='bbox 2520 2549 2605 2603; x_wconf 88' lang='grc'><strong>19.</strong></span> <span class='ocrx_word' id='word_1_337' title='bbox 2629 2550 2748 2604; x_wconf 85' lang='grc' dir='ltr'><strong>’Ότι</strong></span> <span class='ocrx_word' id='word_1_338' title='bbox 2783 2565 2863 2601; x_wconf 87' lang='grc' dir='ltr'>σοι</span> <span class='ocrx_word' id='word_1_339' title='bbox 2893 2550 3082 2619; x_wconf 76' lang='grc' dir='ltr'>ὄνομα,</span> <span class='ocrx_word' id='word_1_340' title='bbox 3117 2546 3305 2621; x_wconf 74' lang='grc' dir='ltr'><strong>Κύριε.</strong></span> 
     </span>
    </p>
   </div>
   <div class='ocr_carea' id='block_1_94' title="bbox 2747 2663 3159 2737">
    <p class='ocr_par' dir='ltr' id='par_1_94' title="bbox 2747 2663 3159 2737">
     <span class='ocr_line' id='line_1_98' title="bbox 2747 2663 3159 2737; baseline -0.002 -16"><span class='ocrx_word' id='word_1_341' title='bbox 2747 2663 3159 2737; x_wconf 77' lang='grc' dir='ltr'><strong>ΤιιΕοοοΤιο.</strong></span> 
     </span>
    </p>
   </div>
   <div class='ocr_carea' id='block_1_95' title="bbox 2530 2785 2582 2838">
    <p class='ocr_par' dir='ltr' id='par_1_95' title="bbox 2530 2785 2582 2838">
     <span class='ocr_line' id='line_1_99' title="bbox 2530 2785 2582 2838; baseline 0.019 -1"><span class='ocrx_word' id='word_1_342' title='bbox 2530 2785 2582 2838; x_wconf 73' lang='lat'><strong>2.</strong></span> 
     </span>
    </p>
   </div>
   <div class='ocr_carea' id='block_1_96' title="bbox 2529 2875 2582 2929">
    <p class='ocr_par' dir='ltr' id='par_1_96' title="bbox 2529 2875 2582 2929">
     <span class='ocr_line' id='line_1_100' title="bbox 2529 2875 2582 2929; baseline 0 0"><span class='ocrx_word' id='word_1_343' title='bbox 2529 2875 2582 2929; x_wconf 75' lang='grc'><strong>5.</strong></span> 
     </span>
    </p>
   </div>
   <div class='ocr_carea' id='block_1_97' title="bbox 2535 4058 2586 4110">
    <p class='ocr_par' dir='ltr' id='par_1_97' title="bbox 2535 4058 2586 4110">
     <span class='ocr_line' id='line_1_101' title="bbox 2535 4058 2586 4110; baseline -0.059 0"><span class='ocrx_word' id='word_1_344' title='bbox 2535 4058 2586 4110; x_wconf 92' lang='grc'><strong>8.</strong></span> 
     </span>
    </p>
   </div>
   <div class='ocr_carea' id='block_1_98' title="bbox 2536 4146 3136 4218">
    <p class='ocr_par' dir='ltr' id='par_1_98' title="bbox 2536 4146 3136 4218">
     <span class='ocr_line' id='line_1_102' title="bbox 2536 4146 3136 4218; baseline -0.007 -14"><span class='ocrx_word' id='word_1_345' title='bbox 2536 4148 2586 4204; x_wconf 88' lang='lat'><strong>9.</strong></span> <span class='ocrx_word' id='word_1_346' title='bbox 2619 4146 2684 4203; x_wconf 86' lang='lat' dir='ltr'><strong>Et</strong></span> <span class='ocrx_word' id='word_1_347' title='bbox 2705 4148 2919 4218; x_wconf 87' lang='lat' dir='ltr'><strong>quidem</strong></span> <span class='ocrx_word' id='word_1_348' title='bbox 2944 4147 3136 4203; x_wconf 83' lang='lat' dir='ltr'><strong>Assur.</strong></span> 
     </span>
    </p>
   </div>
   <div class='ocr_carea' id='block_1_99' title="bbox 2542 4544 2629 4597">
    <p class='ocr_par' dir='ltr' id='par_1_99' title="bbox 2542 4544 2629 4597">
     <span class='ocr_line' id='line_1_103' title="bbox 2542 4544 2629 4597; baseline 0 0"><span class='ocrx_word' id='word_1_349' title='bbox 2542 4544 2629 4597; x_wconf 91' lang='grc'><strong>11.</strong></span> 
     </span>
    </p>
   </div>
   <div class='ocr_carea' id='block_1_100' title="bbox 2538 4846 2623 4901">
    <p class='ocr_par' dir='ltr' id='par_1_100' title="bbox 2538 4846 2623 4901">
     <span class='ocr_line' id='line_1_104' title="bbox 2538 4846 2623 4901; baseline 0 -1"><span class='ocrx_word' id='word_1_350' title='bbox 2538 4846 2623 4901; x_wconf 81' lang='grc'><strong>15.</strong></span> 
     </span>
    </p>
   </div>
   <div class='ocr_carea' id='block_1_101' title="bbox 2540 5002 3077 5059">
    <p class='ocr_par' dir='ltr' id='par_1_101' title="bbox 2540 5002 3077 5059">
     <span class='ocr_line' id='line_1_105' title="bbox 2540 5002 3077 5059; baseline -0.011 0"><span class='ocrx_word' id='word_1_351' title='bbox 2540 5005 2622 5059; x_wconf 87' lang='lat' dir='ltr'><strong>l7.</strong></span> <span class='ocrx_word' id='word_1_352' title='bbox 2648 5002 2836 5057; x_wconf 86' lang='lat' dir='ltr'><strong>Facies</strong></span> <span class='ocrx_word' id='word_1_353' title='bbox 2865 5013 3077 5054; x_wconf 84' lang='lat' dir='ltr'><strong>eorum.</strong></span> 
     </span>
    </p>
   </div>
   <div class='ocr_carea' id='block_1_102' title="bbox 2541 5086 3457 5163">
    <p class='ocr_par' dir='ltr' id='par_1_102' title="bbox 2541 5086 3457 5163">
     <span class='ocr_line' id='line_1_106' title="bbox 2541 5086 3457 5163; baseline -0.015 -9"><span class='ocrx_word' id='word_1_354' title='bbox 2541 5099 2628 5153; x_wconf 87' lang='grc'><strong>19.</strong></span> <span class='ocrx_word' id='word_1_355' title='bbox 2660 5094 2815 5163; x_wconf 85' lang='lat' dir='ltr'><strong>Quod</strong></span> <span class='ocrx_word' id='word_1_356' title='bbox 2845 5107 3042 5148; x_wconf 85' lang='lat' dir='ltr'><strong>nomen</strong></span> <span class='ocrx_word' id='word_1_357' title='bbox 3072 5089 3188 5154; x_wconf 85' lang='lat' dir='ltr'><strong>tibi,</strong></span> <span class='ocrx_word' id='word_1_358' title='bbox 3214 5086 3457 5143; x_wconf 90' lang='lat' dir='ltr'><strong>Domine.</strong></span> 
     </span>
    </p>
   </div>
   <div class='ocr_carea' id='block_1_103' title="bbox 1035 5330 2706 5407">
    <p class='ocr_par' dir='ltr' id='par_1_103' title="bbox 1035 5330 2706 5407">
     <span class='ocr_line' id='line_1_107' title="bbox 1035 5330 2706 5407; baseline -0.008 -4"><span class='ocrx_word' id='word_1_359' title='bbox 1035 5347 1207 5407; x_wconf 66' lang='lat' dir='ltr'><strong>Notae</strong></span> <span class='ocrx_word' id='word_1_360' title='bbox 1233 5349 1294 5404; x_wconf 84' lang='lat' dir='ltr'><strong>et</strong></span> <span class='ocrx_word' id='word_1_361' title='bbox 1328 5342 1517 5403; x_wconf 63' lang='lat' dir='ltr'><strong>varia;</strong></span> <span class='ocrx_word' id='word_1_362' title='bbox 1552 5340 1865 5403; x_wconf 87' lang='lat' dir='ltr'><strong>lectiones</strong></span> <span class='ocrx_word' id='word_1_363' title='bbox 1900 5340 1978 5402; x_wconf 83' lang='lat' dir='ltr'><strong>ad</strong></span> <span class='ocrx_word' id='word_1_364' title='bbox 2016 5336 2332 5399; x_wconf 84' lang='lat' dir='ltr'><strong>Psalmum</strong></span> <span class='ocrx_word' id='word_1_365' title='bbox 2384 5330 2706 5394; x_wconf 79' lang='lat' dir='ltr'><strong>LXXXII.</strong></span> 
     </span>
    </p>
   </div>
   <div class='ocr_carea' id='block_1_104' title="bbox 328 5444 1825 5517">
    <p class='ocr_par' dir='ltr' id='par_1_104' title="bbox 328 5444 1825 5517">
     <span class='ocr_line' id='line_1_108' title="bbox 328 5444 1825 5517; baseline 0 -19"><span class='ocrx_word' id='word_1_366' title='bbox 328 5448 460 5503; x_wconf 85' lang='lat' dir='ltr'><strong>Ibid.</strong></span> <span class='ocrx_word' id='word_1_367' title='bbox 505 5450 605 5511; x_wconf 67' lang='grc' dir='ltr'><strong>Ἃ..</strong></span> <span class='ocrx_word' id='word_1_368' title='bbox 638 5447 884 5517; x_wconf 78' lang='grc' dir='ltr'>ἐγένοντο</span> <span class='ocrx_word' id='word_1_369' title='bbox 914 5454 1017 5501; x_wconf 90' lang='lat' dir='ltr'><strong>etc.</strong></span> <span class='ocrx_word' id='word_1_370' title='bbox 1042 5447 1277 5517; x_wconf 75' lang='lat' dir='ltr'><strong>_Aquil:e</strong></span> <span class='ocrx_word' id='word_1_371' title='bbox 1309 5454 1363 5501; x_wconf 78' lang='lat' dir='ltr'><strong>et</strong></span> <span class='ocrx_word' id='word_1_372' title='bbox 1403 5444 1715 5517; x_wconf 84' lang='lat' dir='ltr'><strong>Symmachi</strong></span> <span class='ocrx_word' id='word_1_373' title='bbox 1748 5445 1825 5517; x_wconf 81' lang='lat' dir='ltr'><strong>le-</strong></span> 
     </span>
    </p>
   </div>
   <div class='ocr_carea' id='block_1_105' title="bbox 252 5514 1827 5586">
    <p class='ocr_par' dir='ltr' id='par_1_105' title="bbox 252 5514 1827 5586">
     <span class='ocr_line' id='line_1_109' title="bbox 252 5514 1827 5586; baseline -0.004 -14"><span class='ocrx_word' id='word_1_374' title='bbox 252 5521 488 5573; x_wconf 83' lang='lat' dir='ltr'><strong>ctionem</strong></span> <span class='ocrx_word' id='word_1_375' title='bbox 517 5514 694 5573; x_wconf 78' lang='lat' dir='ltr'><strong>adfert</strong></span> <span class='ocrx_word' id='word_1_376' title='bbox 721 5516 1005 5572; x_wconf 81' lang='lat' dir='ltr'><strong>Eusebius.</strong></span> <span class='ocrx_word' id='word_1_377' title='bbox 1032 5514 1373 5573; x_wconf 86' lang='lat' dir='ltr'><strong>Colbertinus</strong></span> <span class='ocrx_word' id='word_1_378' title='bbox 1399 5514 1526 5570; x_wconf 85' lang='lat' dir='ltr'><strong>item</strong></span> <span class='ocrx_word' id='word_1_379' title='bbox 1556 5514 1827 5586; x_wconf 80' lang='grc' dir='ltr'><strong>στιχηρῶς</strong></span> 
     </span>
    </p>
   </div>
   <div class='ocr_carea' id='block_1_106' title="bbox 253 5586 1826 5658">
    <p class='ocr_par' dir='ltr' id='par_1_106' title="bbox 253 5586 1826 5658">
     <span class='ocr_line' id='line_1_110' title="bbox 253 5586 1826 5658; baseline -0.003 -15"><span class='ocrx_word' id='word_1_380' title='bbox 253 5589 493 5657; x_wconf 70' lang='lat' dir='ltr'><strong>scriptus</strong></span> <span class='ocrx_word' id='word_1_381' title='bbox 538 5587 852 5658; x_wconf 83' lang='lat' dir='ltr'><strong>Symmachi</strong></span> <span class='ocrx_word' id='word_1_382' title='bbox 901 5586 1186 5644; x_wconf 89' lang='lat' dir='ltr'><strong>lectionem</strong></span> <span class='ocrx_word' id='word_1_383' title='bbox 1215 5626 1229 5652; x_wconf 91' lang='lat'><strong>,</strong></span> <span class='ocrx_word' id='word_1_384' title='bbox 1290 5602 1352 5642; x_wconf 84' lang='lat' dir='ltr'><strong>ac</strong></span> <span class='ocrx_word' id='word_1_385' title='bbox 1399 5602 1495 5657; x_wconf 83' lang='lat' dir='ltr'><strong>pro</strong></span> <span class='ocrx_word' id='word_1_386' title='bbox 1551 5586 1826 5657; x_wconf 75' lang='grc' dir='ltr'><strong>σύμμαχοι</strong></span> 
     </span>
    </p>
   </div>
   <div class='ocr_carea' id='block_1_107' title="bbox 252 5650 853 5731">
    <p class='ocr_par' dir='ltr' id='par_1_107' title="bbox 252 5650 853 5731">
     <span class='ocr_line' id='line_1_111' title="bbox 252 5650 853 5731; baseline -0.002 -18"><span class='ocrx_word' id='word_1_387' title='bbox 252 5650 469 5731; x_wconf 45' lang='lat' dir='ltr'><strong>pne-fert</strong></span> <span class='ocrx_word' id='word_1_388' title='bbox 502 5650 853 5730; x_wconf 71' lang='grc' dir='ltr'><strong>συρμέτοχοι.</strong></span> 
     </span>
    </p>
   </div>
   <div class='ocr_carea' id='block_1_108' title="bbox 2003 5428 3104 5507">
    <p class='ocr_par' dir='ltr' id='par_1_108' title="bbox 2003 5428 3104 5507">
     <span class='ocr_line' id='line_1_112' title="bbox 2003 5428 3104 5507; baseline -0.014 -12"><span class='ocrx_word' id='word_1_389' title='bbox 2003 5442 2062 5495; x_wconf 88' lang='lat' dir='ltr'><strong>V.</strong></span> <span class='ocrx_word' id='word_1_390' title='bbox 2095 5441 2180 5495; x_wconf 88' lang='grc'><strong>11.</strong></span> <span class='ocrx_word' id='word_1_391' title='bbox 2222 5441 2325 5504; x_wconf 85' lang='lat' dir='ltr'><strong>’A.,</strong></span> <span class='ocrx_word' id='word_1_392' title='bbox 2354 5433 2827 5507; x_wconf 63' lang='lat' dir='ltr'><strong>egerpl6qa§tv_cte.</strong></span> <span class='ocrx_word' id='word_1_393' title='bbox 2860 5428 3104 5507; x_wconf 69' lang='lat' dir='ltr'><strong>Drusius.</strong></span> 
     </span>
    </p>
   </div>
   <div class='ocr_carea' id='block_1_109' title="bbox 1998 5498 3042 5573">
    <p class='ocr_par' dir='ltr' id='par_1_109' title="bbox 1998 5498 3042 5573">
     <span class='ocr_line' id='line_1_113' title="bbox 1998 5498 3042 5573; baseline -0.013 -9"><span class='ocrx_word' id='word_1_394' title='bbox 1998 5514 2062 5565; x_wconf 83' lang='lat' dir='ltr'><strong>V.</strong></span> <span class='ocrx_word' id='word_1_395' title='bbox 2092 5513 2178 5566; x_wconf 76' lang='grc'><strong>15.</strong></span> <span class='ocrx_word' id='word_1_396' title='bbox 2213 5498 2538 5573; x_wconf 60' lang='grc' dir='ltr'><strong>Σ.,’δίάιτᾶν</strong></span> <span class='ocrx_word' id='word_1_397' title='bbox 2565 5498 2656 5556; x_wconf 73' lang='grc' dir='ltr'><strong>’έοῦ</strong></span> <span class='ocrx_word' id='word_1_398' title='bbox 2686 5500 2840 5573; x_wconf 80' lang='grc' dir='ltr'>Θεοῦ.</span> <span class='ocrx_word' id='word_1_399' title='bbox 2876 5498 3042 5573; x_wconf 73' lang='lat' dir='ltr'><strong>Idem.</strong></span> 
     </span>
    </p>
   </div>
   <div class='ocr_carea' id='block_1_110' title="bbox 1943 5568 3371 5707">
    <p class='ocr_par' dir='ltr' id='par_1_110' title="bbox 1943 5568 3371 5707">
     <span class='ocr_line' id='line_1_114' title="bbox 1943 5568 3371 5644; baseline -0.015 -9"><span class='ocrx_word' id='word_1_400' title='bbox 1943 5601 1955 5613; x_wconf 82' lang='grc'><em>’</em></span> <span class='ocrx_word' id='word_1_401' title='bbox 1998 5582 2059 5635; x_wconf 84' lang='grc' dir='ltr'><strong>ν.</strong></span> <span class='ocrx_word' id='word_1_402' title='bbox 2100 5582 2182 5636; x_wconf 92' lang='grc'><strong>17.</strong></span> <span class='ocrx_word' id='word_1_403' title='bbox 2229 5568 2329 5642; x_wconf 49' lang='grc' dir='ltr'><strong>Ἀλ,</strong></span> <span class='ocrx_word' id='word_1_404' title='bbox 2358 5579 2439 5644; x_wconf 84' lang='grc' dir='ltr'><strong>Σ.,</strong></span> <span class='ocrx_word' id='word_1_405' title='bbox 2470 5579 2543 5640; x_wconf 89' lang='grc' dir='ltr'><strong>Ο’,</strong></span> <span class='ocrx_word' id='word_1_406' title='bbox 2576 5575 2662 5637; x_wconf 86' lang='grc' dir='ltr'><strong>Θ.,</strong></span> <span class='ocrx_word' id='word_1_407' title='bbox 2690 5572 2957 5643; x_wconf 79' lang='grc' dir='ltr'><strong>πρόσωπα</strong></span> <span class='ocrx_word' id='word_1_408' title='bbox 2984 5568 3180 5623; x_wconf 81' lang='grc' dir='ltr'><strong>αὐτῶν.</strong></span> <span class='ocrx_word' id='word_1_409' title='bbox 3210 5568 3371 5621; x_wconf 79' lang='lat' dir='ltr'><strong>Idem.</strong></span> 
     </span>
     <span class='ocr_line' id='line_1_115' title="bbox 2001 5636 3371 5707; baseline -0.014 -2"><span class='ocrx_word' id='word_1_410' title='bbox 2001 5652 2065 5707; x_wconf 78' lang='grc' dir='ltr'><strong>ν.</strong></span> <span class='ocrx_word' id='word_1_411' title='bbox 2104 5653 2186 5707; x_wconf 85' lang='grc'><strong>19.</strong></span> <span class='ocrx_word' id='word_1_412' title='bbox 2230 5651 2332 5707; x_wconf 77' lang='grc' dir='ltr'><strong>Ἃ..</strong></span> <span class='ocrx_word' id='word_1_413' title='bbox 2364 5650 2445 5707; x_wconf 85' lang='grc' dir='ltr'><strong>Σ.,</strong></span> <span class='ocrx_word' id='word_1_414' title='bbox 2479 5647 2564 5707; x_wconf 83' lang='grc' dir='ltr'><strong>Θ..</strong></span> <span class='ocrx_word' id='word_1_415' title='bbox 2605 5646 2684 5698; x_wconf 73' lang='grc' dir='ltr'>ὅτι</span> <span class='ocrx_word' id='word_1_416' title='bbox 2718 5660 2795 5697; x_wconf 79' lang='grc' dir='ltr'>σοι</span> <span class='ocrx_word' id='word_1_417' title='bbox 2829 5641 3018 5707; x_wconf 78' lang='grc' dir='ltr'>ὄνομα,</span> <span class='ocrx_word' id='word_1_418' title='bbox 3050 5638 3239 5707; x_wconf 79' lang='grc' dir='ltr'>Κύριε.</span> <span class='ocrx_word' id='word_1_419' title='bbox 3264 5636 3371 5692; x_wconf 70' lang='lat' dir='ltr'><strong>Ide!</strong></span> 
     </span>
    </p>
   </div>
   <div class='ocr_carea' id='block_1_111' title="bbox 2052 5686 2445 5717">
    <p class='ocr_par' dir='ltr' id='par_1_111' title="bbox 2052 5686 2445 5717">
     <span class='ocr_line' id='line_1_116' title="bbox 2052 5686 2445 5717; baseline -0.01 -12"><span class='ocrx_word' id='word_1_420' title='bbox 2052 5694 2065 5707; x_wconf 72' lang='grc' dir='ltr'><strong>ο</strong></span> <span class='ocrx_word' id='word_1_421' title='bbox 2106 5686 2186 5707; x_wconf 73' lang='lat' dir='ltr'><strong>luo</strong></span> <span class='ocrx_word' id='word_1_422' title='bbox 2244 5686 2332 5717; x_wconf 67' lang='grc' dir='ltr'><strong>ιι.)</strong></span> <span class='ocrx_word' id='word_1_423' title='bbox 2365 5686 2445 5715; x_wconf 66' lang='grc' dir='ltr'><strong>-σ,</strong></span> 
     </span>
    </p>
   </div>
   <div class='ocr_carea' id='block_1_112' title="bbox 2528 5636 3425 5713">
    <p class='ocr_par' dir='ltr' id='par_1_112' title="bbox 2528 5636 3425 5713">
     <span class='ocr_line' id='line_1_117' title="bbox 2528 5636 3425 5713; baseline -0.018 -13"><span class='ocrx_word' id='word_1_424' title='bbox 2528 5636 2564 5713; x_wconf 67' lang='grc' dir='ltr'><strong>ξ,</strong></span> <span class='ocrx_word' id='word_1_425' title='bbox 2605 5636 2684 5698; x_wconf 73' lang='grc' dir='ltr'>ὅτι</span> <span class='ocrx_word' id='word_1_426' title='bbox 2718 5636 2795 5697; x_wconf 68' lang='grc' dir='ltr'><strong>ἀοι</strong></span> <span class='ocrx_word' id='word_1_427' title='bbox 2829 5641 3018 5712; x_wconf 75' lang='grc' dir='ltr'>ὄνομα,</span> <span class='ocrx_word' id='word_1_428' title='bbox 3050 5638 3239 5712; x_wconf 79' lang='grc' dir='ltr'>Κύριε.</span> <span class='ocrx_word' id='word_1_429' title='bbox 3264 5636 3425 5692; x_wconf 84' lang='lat' dir='ltr'><strong>Idem.</strong></span> 
     </span>
    </p>
   </div>
  </div>
