3932 6244
167 275 198 329 ‘l
211 276 333 333 0L9

523 393 924 450 XTMMAXOE.‘

255 711 352 764 14.
377 711 716 783 Δφιεαιοσύνη⁸
729 712 958 767 ἑκάστου
979 717 1170 783 προελε
1178 717 1237 771 ύ-

165 797 343 854 σερεαι
375 781 557 854 αρτὸν,
581 781 674 834 καὶ
696 780 850 852 θήσει
872 785 950 848 εις
979 780 1092 840 ὁδὸν
1110 789 1235 854 τοὺς

167 849 358 915 πόδας
378 851 565 906 αὐτοῦ.

499 941 936 1008 SYMMACHUS.

390 1202 616 1288 Justitia‘
639 1205 1073 1288 uniuscujusque
1105 1223 1244 1288 pra:-

182 1272 348 1328 cedet
384 1290 534 1341 eum,
568 1283 623 1330 ct
660 1287 825 1346 ponet
857 1272 911 1331 in
955 1272 1042 1332 via
1079 1272 1244 1349 pedes

183 1358 346 1398 SUOS.

1543 284 1864 347 PSALMUS
1897 291 2157 348 LXXXV.

1802 408 1868 462 0'.

1378 559 1488 614 Καὶ
1512 561 1603 614 ἐπὶ
1632 564 1756 627 τοὺς
1782 565 1962 628 ὁσίους
1995 567 2180 622 αὐτοῦ.
2211 569 2351 624 Ἅλ-

1307 631 1417 693 λος
1437 672 1453 695 ,
1489 633 1583 684 καὶ
1613 633 1708 687 ἐπὶ
1738 634 1864 698 τοὺς
1896 637 2096 704 ἁγνοὺς
2125 639 2310 695 αὑτοῦ.

1382 721 1470 776 14.
1525 725 1846 796 Δςκαιοσύνη
1904 728 2144 782 ἐναντίον
2188 731 2352 785 αὑτοῦ

1309 793 1738 915 περοπορεύσεται
1760 836 1775 858 ,
1822 793 1916 850 καὶ
1946 797 2098 869 θήσει
2131 802 2211 865 εἰς
2235 801 2353 854 ὁδὸν

1309 880 1338 915 τ
1399 862 1708 915 διαδήματα
1733 866 1921 915 αὐτοῦ-

1308 862 1376 946 τάξ
1399 862 1708 934 διαδήματα
1733 866 1921 921 αὑτοῦ.

1479 957 1621 1012 LXX
1662 959 1728 1014 IN
1736 961 1964 1016 TERPR
1973 963 2165 1021 ETES.

1381 1051 1449 1107 Et
1472 1069 1638 1124 super
1667 1066 1885 1114 sanctos
1911 1074 2060 1116 suos.
2102 1061 2276 1126 Alius,
2301 1073 2354 1117 ct

1312 1137 1478 1192 super
1511 1135 1694 1181 castos
1726 1143 1880 1184 suos.

1387 1213 1475 1268 14.
1510 1212 1729 1272 Justitia
1773 1228 1900 1274 ante
1938 1235 2065 1275 eum
2111 1221 2366 1277 ambula—

1315 1281 1413 1348 bit,
1435 1293 1489 1339 et
1515 1297 1682 1356 ponet
1713 1288 1767 1342 in
1800 1290 1886 1344 via
1914 1306 2136 1361 gressus
2169 1307 2318 1348 suos.

2741 418 3135 479 ΘΕΟΔΟΤΙΩΝ.

2496 736 2580 791 14.

2729 968 3136 1027 ΤΙΙΕΟΒΟἸῚΟ.

2503 1225 2589 1280 14.

971 1511 1144 1571 Nota;
1176 1519 1236 1572 et
1271 1514 1460 1575 variae
1489 1515 1800 1580 lectiones
1855 1519 1935 1580 ad
1968 1519 2289 1582 Psalmum
2337 1524 2689 1588 LXXXIV.

186 1607 308 1671 bet,
336 1604 522 1660 τούτου
549 1605 647 1676 τὴν
683 1606 920 1660 διάνοιαν
951 1609 1183 1677 σαφέστε
1223 1628 1280 1664 ον
1306 1611 1663 1668 ὲκδεδὼκασιν
1685 1619 1734 1669 οἱ
1841 1618 2126 1673 δικαιοσύῖ

189 1675 372 1735 λοιποὶ
398 1676 748 1749 ὲρμηνευταὶ,
782 1678 876 1731 καὶ
909 1679 1142 1748 μάλιστα
1180 1627 1222 1733 ἔ
1233 1681 1526 1754 Σύμμαχος
1552 1685 1741 1752 εἰπὼν,
1851 1703 2014 1754 quam
2036 1688 2122 1742 LX

1499 1721 1523 1748 ἱ
1552 1721 1741 1752 εθισιυν,

189 1675 372 1735 λοιποὶ
398 1675 748 1749 ὲρμηνεὺταὶ,
782 1678 876 1731 καὶ
909 1675 1142 1748 μάλιστα

522 2026 924 2082 ΣΥΜΜΑΧΟΣ.

277 2189 321 2243 1.
350 2189 632 2261 Προσευχὴ
661 2189 754 2243 τοῦ
777 2189 956 2244 Δαυίδ.

271 2286 323 2341 ‘2.

271 2451 322 2506 5.
353 2451 474 2503 Ὅτι
497 2449 634 2518 πρὸς
673 2449 732 2501 σὲ
760 2448 937 2520 βοήσω
963 2448 1082 2502 καθ’
1109 2449 1239 2502 ἑκά-

197 2538 332 2591 στην
367 2523 400 2590 ὴ
408 2520 473 2589 μέ
481 2536 598 2589 ραν.

273 2619 322 2673 5.
349 2618 460 2670 Καὶ
485 2616 678 2686 ἀφιών.

276 2711 323 2763 7.
360 2708 784 2779 Ἐπικαλὲσομαί
836 2723 916 2773 σε,
969 2706 1050 2759 ὅτι
1089 2707 1239 2758 εἰσα-

197 2782 413 2844 κούσεις
443 2796 565 2850 μου.

278 2874 358 2928 11.
405 2870 713 2936 Ὑπόδειξόν
755 2887 878 2953 μοι,
916 2868 1111 2940 Κύριε.
1141 2867 1242 2988 τῦἓν

278 2943 316 2988 iv
359 2959 470 2988 σου-
534 2943 623 2988 ἵνα
650 2941 854 2988 ὁδευσω
898 2941 964 2988 τῆ
1017 2936 1182 2988 ἀληθε
1209 2953 1242 2988 α

199 2943 316 2996 ὁδόν
359 2959 471 3010 σου,
534 2943 623 2995 ῐνα
650 2936 854 2994 ὁδεύσω
898 2941 966 3009 τῇ
1009 2936 1244 3008 ’ἀληθείᾳ

203 3029 319 3068 σου.

281 3107 513 3177 Ἕνῳσον
549 3105 647 3175 τὴν
667 3104 894 3177 καρδίαν
922 3087 1021 3175 μου
1049 3103 1129 3165 εἰς
1152 3101 1233 3171 φό-

205 3176 300 3230 ϐον
329 3176 422 3229 τοῦ
451 3176 708 3246 ὀνόματός
736 3176 852 3228 σου.

284 3268 368 3322 14.

279 3428 384 3482 Καὶ
405 3428 692 3497 συναγωγὴ
718 3424 1102 3480 ἀνυποστάτων
1123 3424 1247 3493 ἐζή-

207 3515 371 3570 τησαν
400 3500 496 3569 τὴν
526 3499 704 3568 ψυχήν
738 3513 858 3566 μου.

278 3590 364 3645 16.
388 3592 485 3654 Δὸς
514 3586 841 3660 ῑσχὺνπαρὰ
862 3585 956 3639 σοῦ
971 3584 1048 3656 τῷ
1077 3583 1246 3654 δούλῳ

213 3677 325 3714 σου.

490 3747 869 3804 SYMMACHU
879 3749 937 3802 S.

283 3852 331 3904 1.
365 3848 553 3905 Oratio
588 3850 760 3920 ipsius
799 3849 990 3904 David.

203 4010 336 4084 ,2.

283 4105 334 4158 5.
375 4103 642 4170 Quoniam
676 4102 743 4156 ad
784 4111 837 4157 te
876 4101 1123 4156 clamabo
1154 4115 1250 4170 per

214 4190 652 4244 unamquamque
681 4174 846 4228 diem.

281 4338 334 4394 5.
358 4338 423 4393 Ει
443 4337 741 4393 dimittens.

283 4495 332 4549 7.
397 4495 665 4553 luvocabo
714 4501 768 4549 te
813 4492 943 4563 quia
990 4493 1251 4549 exaudies

212 4580 316 4620 me.

285 4659 369 4711 11.
399 4657 637 4713 Ostende
660 4657 814 4720 mihi,
834 4655 1082 4720 Domine,
1109 4655 1252 4709 viam

212 4737 516 4799 ῑηςιιιινυι
574 4729 846 4783 ambulem
916 4728 974 4782 in
1029 4727 1254 4781 veritate

213 4810 322 4851 tua.

285 4957 448 5014 Unito
500 4973 597 5014 cor
652 4974 835 5016 meum
875 4960 932 5015 in
998 4961 1252 5016 timorem

213 5029 449 5085 nominis
475 5032 573 5084 tui.

296 5259 383 5314 M.

287 5351 352 5431 iit
371 5365 644 5431 synagoga
662 5350 1085 5407 intolerabilium
1110 5366 1256 5422 quac-

213 5421 345 5477 sivit
377 5421 618 5476 animam
649 5437 847 5476 meam.

294 5651 378 5705 16.
413 5650 491 5709 Da
522 5651 895 5710 fortitudinem
932 5667 962 5707 a
1013 5660 1062 5708 te
1100 5667 1258 5709 servo

216 5730 330 5776 tuo.

1477 1934 1613 1994 PSA
1625 1935 1834 1996 LMUS
1874 1938 2192 1999 LXXXV.

1807 2035 1882 2090 0'.

1387 2195 1440 2250 1.
1470 2196 1752 2268 Προσευχὴ
1779 2197 1856 2268 τῷ
1878 2198 2059 2252 Δαυίδ.

1313 2285 1444 2425 ὲγὲἰ
1467 2287 1650 2350 "om;
1700 2291 1834 2358 εἰμι.
1897 2290 2133 2356 Ἄλλος,
2194 2292 2356 2358 ἁγνὸς

1383 2450 1436 2505 5.
1455 2449 1592 2523 _"0:I.'t
1618 2452 1755 2520 πρὸς
1786 2449 1844 2502 σὲ
1869 2449 2207 2522 κεκράξομαι
2231 2452 2358 2523 ὃλην

1311 2517 1410 2589 τὴν
1443 2517 1674 2590 ἡμέραν.

1384 2610 1435 2664 5.
1468 2611 1579 2664 Καὶ
1600 2611 1867 2684 ἐπιεικής.

1381 2699 1435 2752 7.
1463 2699 1781 2772 ΔἘχέκραξα
1813 2701 1952 2772 πρὸς
1997 2700 2078 2766 σὲ,
2108 2701 2189 2754 ὅτι
2224 2702 2360 2772 ὲπήυ

1313 2768 1512 2832 κουσάς
1542 2768 1665 2840 μου.

1389 2859 1475 2914 11.
1520 2859 1813 2930 Ὀδήγησόν
1855 2877 1942 2930 με,
1966 2861 2160 2984 Κύριε,
2201 2863 2260 2913 ἐν
2292 2865 2358 2932 τῇ

1384 2929 1417 2984 Ξ)
1440 2947 1556 2984 σου.
1579 2933 1673 2983 καὶ
1691 2930 2028 2984 πορεύσομαι
2087 2950 2114 2984 ν
2140 2934 2206 2984 τῆ
2232 2931 2358 2984 ἁλη-

1314 2929 1417 3052 ea?
1440 2947 1556 2994 σου,
1579 2929 1673 2983 καὶ
1691 2929 2028 3000 πορεύσομαι
2057 2929 2114 2984 ἒν
2140 2934 2207 3002 τῇ
2232 2929 2363 3001 ἁληέ

1317 2999 1374 3051 θε
1404 3017 1438 3052 α
1468 3015 1583 3052 σου.

1386 3089 1755 3163 ῌὺφρανθήτιρ
1811 3091 1842 3160 ἡ
1881 3089 2080 3163 -καρδὶα
2117 3107 2215 3160 μου
2269 3090 2360 3143 τοῦ

1319 3160 1598 3231 φοϐεῖσθαι
1633 3162 1692 3212 τὸ
1729 3160 1900 3230 ὄνομά
1928 3160 2041 3212 σου.

1390 3253 1476 3306 14.
1507 3251 1845 3323 Παράνομοι.
1867 3255 1930 3307 Ol
1943 3252 2168 3320 λοιποὶ,
2191 3253 2361 3323 ὑπερ-

1315 3324 1532 3394 ήφανοι.

1391 3417 1502 3487 Καὶ.
1530 3415 1824 3487 συναγωγὴ
1855 3416 2133 3487 κραταιῶν
2166 3414 2361 3487 ἐζήτη-

1321 3503 1419 3539 σαν
1456 3486 1554 3556 τὴν
1579 3486 1759 3556 ψυχήν
1789 3486 1912 3556 μου.

1390 3580 1476 3635 16.
1502 3581 1602 3644 Δὸς
1627 3581 1688 3634 τὸ
1721 3580 1920 3652 κράτος
1960 3597 2053 3634 σου
2102 3579 2181 3651 τῷ
2214 3579 2362 3634 παιδί

1319 3669 1433 3706 σου.

1493 3741 1636 3796 LXX
1673 3741 2170 3797 INTERPRETES.

1391 3847 1417 3900 1
1431 3885 1444 3902 .
1479 3845 1668 3900 Oratio
1689 3845 1792 3916 ipsi
1821 3843 2010 3900 David.

1388 4003 1686 4061 2.Sanctus
1698 4020 1840 4060 sum.
1856 4004 2218 4072 Alius,castus
2235 4019 2355 4075 ego.

1317 4167 1368 4220 d_
1390 4098 1447 4153 5.
1483 4095 1752 4164 Quoniam
1784 4097 1852 4152 ad
1887 4105 1938 4151 te
1976 4095 2226 4152 clamabo
2251 4101 2361 4150 tota

1356 4182 1425 4220 re.

1356 4182 1425 4222 le.

1391 4327 1444 4381 5.
1472 4325 1537 4382 Et
1562 4327 1731 4382 mitis.

1396 4489 1445 4544 7.
1470 4490 1713 4548 Clamavi
1738 4490 1807 4546 ad
1835 4498 1908 4558 te,
1933 4503 2063 4559 quia
2089 4487 2362 4544 exaudisti

1323 4577 1431 4615 me.

1399 4653 1483 4707 11.
1512 4652 1695 4708 Dcduc
1746 4667 1854 4717 me,
1909 4650 2154 4715 Domine,
2191 4651 2243 4704 in
2278 4651 2360 4704 via

1324 4731 1440 4789 tua,
1478 4733 1534 4778 et
1575 4723 1867 4778 ambulabo
1907 4723 1964 4776 in
1992 4720 2219 4776 veritate
2249 4731 2359 4774 tua.

1395 4951 1630 5005 Laetetur
1657 4967 1752 5007 cor
1781 4967 1986 5018 meum,
2052 4960 2112 5006 ut
2175 4952 2364 5005 timeat

1326 5038 1521 5077 nomen
1550 5032 1724 5076 tuum.

1399 5256 1485 5310 14.
1516 5255 1716 5325 Iniqui.
1752 5254 1977 5326 Reliqui,
2014 5253 2256 5325 superbi.

1397 5348 1464 5401 Et
1494 5364 1765 5418 synagoga
1807 5348 2107 5417 potentium
2137 5347 2370 5418 quaesie-

1327 5429 1454 5475 runt
1486 5421 1722 5472 animam
1753 5433 1950 5474 meam.

1405 5653 1489 5705 16.
1533 5651 1606 5707 Da
1639 5658 1956 5729 potestatem
2007 5658 2151 5705 tuam
2195 5659 2368 5717 puero

1334 5732 1445 5777 tuo.

2751 2042 3146 2096 ΘΕΟΔΟΤΙΩΝ.

2508 2203 2557 2255 1.

2501 2292 2556 2344 9..

2503 2453 2554 2504 5.

2504 2613 2555 2665 5.
2594 2611 2701 2666 Καὶ
2733 2612 2971 2682 ἱλαστής.

2515 2717 2554 2756 Ι.

2506 3257 2591 3310 1ι1.

2511 3580 2595 3634 16.

2742 3739 3152 3798 ΤΙΙΕΟΒΟἸῚΟ.

2503 4002 2555 4055 2.

2502 4093 2554 4146 5.

2501 4323 2558 4377 5.
2587 4321 2652 4376 Ει
2685 4318 2976 4390 propitius.

2507 4485 2558 4539 7.

2509 4647 2592 4700 11.

2506 5252 2596 5311 Μ.

2517 5646 2579 5698 Mi

3303 307 3329 362 1
3340 304 3442 364 950

2122 1637 2193 1694 πίῃ
2207 1629 2336 1694 etc._,
2351 1622 2596 1694 indicans
2611 1622 2846 1694 reliquos
2859 1623 2910 1677 in
2920 1626 3463 1694 lerpretesclariorcm

1851 1703 2014 1757 quam
2036 1688 2196 1758 LXX,
2217 1701 2269 1746 et
2291 1691 2618 1762 Symmacho
2637 1688 2849 1750 amnem
2877 1688 3182 1752 versionem
3209 1697 3464 1754 edidisse.
