3932 6244
112 344 255 403 1057

436 560 839 615 ΣΥΜΜΛΧΟΣ.

187 725 240 777 1.
270 724 370 775 Διὰ
402 724 584 793 χοροῦ.

185 815 239 869 4.
276 816 386 868 Καὶ
418 819 450 886 ὴ
482 817 591 887 ζωή
626 834 726 887 μου
761 818 860 890 ᾅδῃ
886 816 1077 889 ἥψατο.

190 979 242 1033 5.
293 977 605 1050 Ἐλογὶσοην
632 979 766 1048 μετὰ
796 979 901 1033 τῶν
932 997 1164 1050 καταγο-

121 1051 299 1120 μένων
325 1050 405 1111 el;
435 1048 654 1102 λάκκον.

192 1139 244 1193 6.
290 1139 468 1202 Ἐντὸς
499 1139 708 1210 νεκρῶν
759 1140 917 1209 ἀερεὶς
952 1140 1164 1194 ὲλεύοε-

123 1226 699 1375 ρέῖοσεὶέετρωμένοι
750 1304 808 1375 οἱ-
830 1304 1073 1375 κείμενοι
1109 1306 1165 1356 ὲν

126 1372 306 1442 ταφῳ.
348 1364 422 1423 ὧν
448 1364 507 1442 οὐ
542 1364 899 1442 μνημονεύεις
923 1364 1020 1427 ’ἔτι
1045 1414 1059 1435 .
1089 1374 1168 1427 οἵ-

130 1458 266 1503 τινες
290 1441 391 1493 ὑπὸ
419 1440 517 1512 τῆς
550 1440 731 1512 χειρός
762 1462 854 1497 σου
901 1442 1167 1515 ἐξεκόπη-

128 1527 247 1563 σαν.

201 1601 251 1656 7.
285 1603 513 1667 Ἕταξὰς
548 1621 636 1674 με.

214 1694 296 1746 Ἑν
328 1698 617 1758 σκοτεινοῖς
666 1697 1093 1766 ὲσκεπασμένον.

207 1926 257 1979 8.
296 1925 449 1995 Ἐμοὶ
477 1925 764 1997 ἐπέϐρισεν
784 1928 812 1980 ὁ
839 1927 1007 1997 θυμός
1056 1945 1173 1991 σου,

134 1997 229 2051 καὶ
270 1999 391 2058 ταῖς
424 1998 735 2066 καταιγίσιν
769 2014 862 2050 σου
891 1998 1176 2063 ὲκάκωσὰς

138 2084 225 2137 με.

205 2158 257 2229 9.
283 2156 531 2229 Μακρὰν
572 2156 834 2229 ὲποέησας
864 2160 1003 2229 τοὺς
1032 2177 1177 2228 γνω-

136 2228 295 2291 στούς
324 2226 425 2298 μον
445 2228 537 2280 ἀπ’
562 2226 694 2299 ἐμοῦ
717 2226 731 2259 λ
756 2228 951 2299 ἔταξας
981 2226 1052 2298 με
1071 2230 1181 2299 βδεο

134 2298 327 2350 λυκτὸν
382 2298 603 2369 αὐτοῖςί
627 2298 1032 2369 φρουρούμενον
1074 2298 1179 2354 καὶ

140 2370 215 2439 μὴ
248 2368 668 2438 προερχόμενον.

210 2459 295 2531 10.
324 2460 403 2531 γὉ
434 2459 710 2531 ὀφθαλμός
737 2476 836 2529 μου
864 2460 1180 2531 ὲξέρῤευσεν

139 2530 247 2581 ἀπὸ
284 2530 379 2601 τῆς
408 2531 699 2592 κακώσεως
719 2530 1180 2601 ’ίὲπεκαλεσάμην

141 2615 199 2672 σε
234 2600 466 2672 ἑκάστην
488 2602 719 2672 ἡμέραν,
740 2600 1031 2656 διεπέτασα
1050 2602 1182 2672 πρὸς

144 2670 202 2721 σὲ
236 2668 330 2732 τὰς
358 2668 545 2740 χεῖρας
572 2668 694 2739 μου.

445 2784 885 2842 SYMMACHUS.

218 2900 267 2952 1.
302 2897 403 2953 Per
431 2899 681 2953 chorum.

146 3132 184 3185 ι.
326 3061 391 3116 Et
438 3063 547 3118 vita
608 3078 727 3119 mea
770 3063 1042 3120 infernum
1102 3074 1185 3118 at-

174 3149 246 3185 ιαι
274 3170 289 3185 .

174 3149 289 3202 tgtt.

226 3292 276 3346 5.
310 3291 609 3362 Reputatus
638 3310 760 3349 sum
807 3311 931 3350 cum
960 3297 1189 3351 descen-

149 3362 401 3418 dentibus
429 3365 482 3417 in
514 3365 712 3420 lacum.

227 3594 276 3648 6.
311 3594 453 3649 Inter
475 3606 720 3653 mortuos
747 3598 1011 3656 dimissus
1032 3600 1191 3656 liber.

234 3752 385 3825 Sicut
430 3754 693 3809 vulnerati
728 3757 973 3825 jacentes
1016 3760 1067 3811 in
1106 3775 1192 3814 se-

148 3822 348 3891 pulcro
382 3862 399 3887 ,
438 3840 670 3892 quorum
725 3822 832 3880 non
890 3830 1195 3883 recordaris

150 3892 413 4016 amp‘lius,
470 3896 630 3963 quia
677 3911 838 3951 manu
887 3906 981 3952 tua
1029 3899 1198 3954 excisi

152 3978 264 4016 sun
296 4001 309 4015 .

152 3978 309 4016 SUIII.

236 4263 291 4321 7.
335 4263 581 4320 Statuisti
620 4280 725 4320 me.

240 4353 295 4407 In
324 4356 623 4412 tenebrosis
652 4356 944 4413 obtectum.

241 4515 292 4567 8.
339 4515 513 4585 Super
542 4532 627 4571 me
658 4526 980 4587 aggravatus
1007 4530 1086 4573 est
1114 4519 1202 4573 fu-

159 4599 261 4707 rior
289 4596 436 4653 tuus,
467 4596 520 4640 et
555 4589 805 4656 procellis
834 4590 941 4643 tuis
969 4588 1205 4643 alllixisti

162 4671 182 4707 ι
208 4669 274 4707 te.

162 4669 274 4709 1118.

240 4886 294 4940 9.
342 4884 526 4955 Longe
582 4884 753 4939 fecisti
800 4895 954 4941 notos
988 4902 1139 4941 meos
1175 4903 1207 4941 a

164 4970 295 5008 me:
356 4956 585 5023 posuisti
634 4971 721 5010 me
788 4958 1207 5012 abominabilem

168 5024 338 5093 ipsis:
380 5027 641 5083 custodiae
693 5026 944 5081 traditum
972 5066 986 5090 ,
1017 5038 1072 5082 et
1102 5042 1208 5083 non

168 5096 619 5165 progredientem.

245 5322 350 5406 10..
366 5322 568 5379 Oculus
594 5339 750 5405 meus
773 5324 973 5406 ellluxit
997 5334 1206 5406 propter

173 5398 557 5449 vexationem:
594 5398 836 5450 invocavi
867 5404 918 5448 te
952 5410 1047 5463 per
1094 5398 1210 5449 sin-

173 5464 333 5533 gulos
360 5463 495 5530 dies,
536 5465 766 5534 expandi
795 5463 861 5518 ad
910 5474 959 5517 te
1019 5480 1211 5520 manus

174 5548 349 5591 111838.

1446 342 1765 398 PSALMUS
1802 342 2109 397 LXXXVII.

1362 464 1504 524 PSA
1517 463 1724 524 LMUS
1774 462 2151 524 LXXXVII.

1718 564 1792 615 0'.

1308 729 1357 780 1.
1409 727 1582 799 Ὑπὲρ
1611 726 1845 781 Μαελέθ.

1304 818 1356 872 4.
1385 818 1495 872 Καὶ
1543 820 1576 888 ἡ
1636 818 1748 887 ζωή
1810 834 1910 887 μου
1940 814 2018 885 τῷ
2051 815 2150 886 ᾄδῃ
2182 816 2280 885 ἦγ-

1275 906 1374 942 ισε.

1275 906 1374 942 ισε.

1235 905 1267 955 γ
1307 982 1357 1035 5.
1394 980 1827 1050 Προσελογίσοην
1879 978 2015 1049 μετὰ
2042 978 2147 1031 τῶν
2187 994 2282 1029 και

1236 1051 1595 1105 ταὸαινόντων
1616 1053 1695 1113 εἰς
1727 1052 1946 1103 λάκκον.

1309 1143 1361 1197 6.
1404 1145 1491 1196 Ἐν
1515 1146 1729 1213 νεκροῖς
1756 1141 2055 1212 ἐλεύθερος.

1321 1305 1462 1357 Ὠσεὶ
1543 1304 1876 1374 τραυματίαι
1899 1366 1926 1374 _
1963 1302 2283 1374 ἐρριμμένοι

1240 1366 1591 1436 καθεύδοντες
1618 1366 1870 1442 ἐν’τάφῳ,
1891 1366 1965 1425 ὧν
1989 1366 2102 1427 οὐχ’
2119 1366 2285 1492 ἐμνὲ-

1242 1446 1373 1492 σθτπς
1407 1445 1505 1492 ἔτι.
1542 1445 1632 1492 καὶ
1680 1445 1833 1492 αὐτοὶ
1865 1446 1929 1492 ὲκ
1960 1443 2059 1492 τῆς
2108 1459 2225 1492 vam
2259 1458 2285 1492 ε

1242 1446 1373 1517 σθης
1407 1445 1505 1517 ἔτι,
1534 1445 1632 1517 Ακαὶ
1680 1445 1833 1496 αὐτοὶ
1865 1446 1929 1496 ἐκ
1960 1443 2059 1512 τῆς
2108 1459 2225 1512 χειρ

1242 1513 1340 1569 σον
1366 1513 1719 1582 ἀπώσοησαν.

1310 1608 1339 1658 7
1352 1648 1364 1660 .
1396 1605 1615 1659 ἘΟεντό
1645 1623 1731 1675 με.

1324 1701 1409 1751 Ἑν
1443 1700 1738 1759 σκοτεινοῖς
1776 1698 1870 1749 καὶ
1926 1698 1983 1748 ὲν
2034 1699 2159 1766 σκιᾷ
2194 1697 2289 1749 Θα-

1244 1770 1424 1823 νάτου.
1459 1770 1536 1831 E',
1566 1769 1621 1819 ὲν
1647 1769 1937 1829 σκοτεινοῖς
1964 1769 2019 1819 ἐν
2049 1768 2287 1820 καταδύ-

1246 1857 1376 1902 τοις.

1318 1929 1370 1983 8.
1421 1927 1535 1980 Ἐπ’
1567 1927 1665 1997 ἐμὲ
1713 1927 2007 1997 ὲστηρὶχοη
2060 1929 2087 1979 ὁ
2121 1927 2291 1997 θυμός

1250 2017 1365 2060 σου,
1399 2000 1490 2052 καὶ
1512 1998 1717 2058 πάντας
1738 1999 1859 2059 τοὺς
1890 1997 2293 2067 μετεωρισμούς

1252 2087 1344 2124 σου
1385 2071 1661 2139 ἐπήγαγες
1698 2068 1782 2118 ἐπ’
1816 2068 1936 2137 ἐμέ.

1319 2162 1373 2216 9.
1436 2160 1490 2211 Ἐ
1500 2158 1780 2229 μάκρυνας
1838 2158 1964 2229 τοὺς

2259 1458 2285 1503 ς

2058 2174 2132 2209 νω
2140 2155 2293 2218 στούς

1295 2249 1355 2283 ου
1390 2232 1482 2283 ἀπ’
1503 2227 1676 2296 ἐμοῦ.
1708 2228 1890 2280 ἔθεντο
1920 2245 1985 2297 με
2020 2227 2294 2297 βδέλυγμα

1280 2304 1481 2363 αυτοῖς.
1536 2297 1844 2370 Παρεδόοην
1868 2296 1963 2351 καὶ
1990 2297 2088 2349 οὐκ
2116 2296 2296 2361 ἐξεπο-

1257 2371 1513 2441 ρευόμην.

1328 2463 1413 2517 10.
1445 2462 1507 2513 υἱ
1536 2460 1803 2531 ὀφθαλμοί
1861 2476 1961 2531 μου
1992 2458 2295 2531 ὴσῦένησᾳν

1254 2532 1362 2585 ἀπὸ
1398 2533 1495 2600 τῆς
1533 2528 1824 2600 πτωχείας.
1863 2528 1969 2582 Καὶ
2028 2528 2296 2597 ἐκέκραξα

1256 2603 1392 2669 πρὸς
1422 2602 1501 2665 σὲ,
1540 2601 1730 2669 Κύριε.
1777 2601 1902 2669 ὃλην
1933 2599 2029 2669 τὴν
2063 2599 2296 2669 ἡμέραν,

1256 2603 1392 2724 ἔρος
1422 2602 1501 2665 σὲ,
1540 2602 1730 2671 Κύριε.
1777 2602 1902 2722 ὂλτιᾶν
1933 2602 2029 2670 τὴν
2063 2602 2296 2684 ἡμέραν,

1291 2672 1549 2724 ιεπέτασα
1580 2670 1715 2741 πρὸς
1737 2671 1796 2723 σὲ
1820 2688 1849 2722 τ
1894 2688 1919 2733 ς
1958 2672 2144 2741 χεῖρας
2174 2685 2295 2738 μοι).

1429 2786 1569 2840 LXX
1602 2785 2105 2843 INTERPRETES.

1330 2904 1379 2954 1.
1409 2903 1513 2955 Pro
1542 2901 1789 2955 Maelctli.

1330 3066 1383 3115 4.
1437 3062 1495 3115 Et
1546 3062 1653 3115 vita
1691 3076 1809 3115 mea
1854 3059 2066 3114 inferno
2110 3074 2303 3128 appro-

1261 3134 1558 3202 pinquavit.

1332 3296 1384 3347 5.
1420 3292 1749 3347 IEstimatus
1774 3305 1893 3346 sum
1925 3305 2048 3345 cum
2081 3289 2306 3344 descen-

1261 3365 1516 3420 dentibus
1558 3364 1613 3417 in
1641 3364 1844 3419 lacum.

1334 3594 1386 3647 6.
1422 3594 1565 3647 Inter
1591 3601 1838 3647 mortuos
1858 3590 2016 3644 liber.

1339 3758 1493 3811 Sicut
1514 3757 1780 3813 vulnerati
1798 3754 2020 3825 projccli
2042 3754 2310 3809 dormien-

1272 3839 1351 3885 tes
1404 3829 1457 3881 in
1513 3827 1796 3896 sepulcro,
1831 3839 2085 3896 quorum
2117 3837 2223 3877 non
2256 3838 2317 3876 es

1274 3914 1480 3951 memor
1527 3894 1794 3965 amplius:
1834 3904 1887 3950 et
1928 3894 2034 3963 ipsi
2058 3894 2125 3949 de
2150 3908 2315 3948 manu

1274 3978 1364 4021 tua
1403 3967 1613 4037 expulsi
1646 3974 1793 4020 sunt.

1346 4267 1399 4319 7.
1439 4265 1747 4321 Posuerunt
1775 4280 1880 4319 me.

1350 4357 1404 4409 In
1435 4357 1739 4411 tenebrosis
1767 4366 1821 4410 et
1848 4356 1901 4409 in
1934 4355 2126 4409 umbra
2172 4370 2320 4409 mor-

1277 4429 1366 4482 tis.
1404 4426 1471 4492 γ,
1504 4428 1559 4480 in
1588 4426 1889 4481 tenebrosis
1922 4426 1976 4479 in
2011 4425 2270 4479 latibulis.

1349 4518 1400 4570 8.
1439 4516 1613 4587 Super
1636 4533 1721 4573 me
1747 4517 2101 4572 conﬁrmatus
2130 4524 2213 4571 est
2238 4516 2321 4569 fu—

1278 4602 1371 4639 ror
1418 4597 1564 4653 tuus,
1621 4597 1674 4642 et
1724 4603 1914 4641 omnes
1951 4589 2143 4641 llatctus
2198 4594 2320 4640 tuos

1279 4657 1539 4712 induxisti
1571 4673 1733 4727 super
1766 4674 1870 4711 me.

1353 4888 1405 4942 9.
1433 4888 1631 4957 Longe
1681 4886 1854 4941 fecisti
1904 4894 2063 4941 notos
2090 4900 2243 4939 meos
2289 4902 2318 4939 a

1282 4974 1369 5013 me
1388 4976 1400 5012 :
1430 4969 1728 5027 posuerunt
1751 4973 1837 5011 me
1858 4957 2317 5011 abominationem

1282 5030 1407 5152 (siibib.
1443 5028 1695 5082 Traditus
1725 5043 1867 5092 sum,
1920 5038 1973 5081 et
2024 5041 2134 5080 non
2177 5041 2323 5095 egre

1323 5114 1369 5152 te
1408 5114 1489 5152 ar.

1323 5114 1489 5152 rebar.

1358 5329 1440 5383 10.
1487 5326 1642 5382 Oculi
1686 5326 1789 5381 mei
1841 5326 2166 5397 languerunt
2211 5343 2321 5397 prze

1287 5401 1489 5469 inOpia.
1518 5398 1583 5452 Et
1614 5397 1851 5469 clamavi
1871 5398 1934 5448 ad
1971 5408 2045 5461 te,
2074 5396 2317 5461 Domine,

1286 5468 1397 5527 tota
1412 5471 1519 5534 die,
1545 5484 1607 5523 ex
1619 5469 1775 5537 pandi
1794 5468 1857 5521 ad
1880 5477 1927 5521 te
1941 5483 2133 5523 manus
2149 5483 2317 5523 meas.

2448 2458 2528 2511 I0.

2467 5328 2550 5385 10.

2664 549 3057 606 ΘΕΟΔΟΤΙΩΝ.

2671 2774 3083 2835 TIIEODOTIO.

3228 331 3365 389 l053
