  <div class='ocr_page' id='page_1' title='image "/cluster/home/n/w/nwhite01/storage/ocr_20150623/16, pt. 1 (Origen; pt. 6)/nyp.33433081862314/086.png"; bbox 0 0 3884 6400; ppageno 0'>
   <div class='ocr_carea' id='block_1_1' title="bbox 135 456 3342 531">
    <p class='ocr_par' dir='ltr' id='par_1_1' title="bbox 135 456 3342 531">
     <span class='ocr_line' id='line_1_1' title="bbox 135 456 3342 531; baseline 0.003 -13"><span class='ocrx_word' id='word_1_1' title='bbox 135 456 253 507; x_wconf 58' lang='grc'><strong>15⁷</strong></span> <span class='ocrx_word' id='word_1_2' title='bbox 1305 473 1441 530; x_wconf 86' lang='lat' dir='ltr'><strong>LIB.</strong></span> <span class='ocrx_word' id='word_1_3' title='bbox 1469 477 1551 530; x_wconf 89' lang='lat' dir='ltr'><strong>III</strong></span> <span class='ocrx_word' id='word_1_4' title='bbox 1588 475 1822 531; x_wconf 75' lang='lat' dir='ltr'><strong>REGUM</strong></span> <span class='ocrx_word' id='word_1_5' title='bbox 1857 474 2075 531; x_wconf 82' lang='lat' dir='ltr'><strong>CAPUT</strong></span> <span class='ocrx_word' id='word_1_6' title='bbox 2111 475 2196 529; x_wconf 70' lang='lat' dir='ltr'><strong>VI.</strong></span> <span class='ocrx_word' id='word_1_7' title='bbox 3239 471 3342 529; x_wconf 73' lang='lat'><strong>158</strong></span> 
     </span>
    </p>
   </div>
   <div class='ocr_carea' id='block_1_2' title="bbox 225 564 1759 652">
    <p class='ocr_par' dir='ltr' id='par_1_2' title="bbox 225 564 1705 652">
     <span class='ocr_line' id='line_1_2' title="bbox 225 564 1705 652; baseline 0.014 -34"><span class='ocrx_word' id='word_1_8' title='bbox 675 569 970 652; x_wconf 59' lang='lat' dir='ltr'><strong>intacti-rat</strong></span> <span class='ocrx_word' id='word_1_9' title='bbox 991 576 1080 652; x_wconf 67' lang='grc' dir='ltr'><strong>ςιοῦ</strong></span> <span class='ocrx_word' id='word_1_10' title='bbox 1105 577 1234 652; x_wconf 55' lang='grc' dir='ltr'><strong>λαοῦ</strong></span> <span class='ocrx_word' id='word_1_11' title='bbox 1263 582 1381 634; x_wconf 81' lang='grc' dir='ltr'><strong>τῶν</strong></span> <span class='ocrx_word' id='word_1_12' title='bbox 1399 587 1705 639; x_wconf 83' lang='grc' dir='ltr'><strong>ποιούντων.</strong></span> 
     </span>
    </p>
   </div>
   <div class='ocr_carea' id='block_1_3' title="bbox 1801 564 3335 652">
    <p class='ocr_par' dir='ltr' id='par_1_3' title="bbox 1813 582 3335 652">
     <span class='ocr_line' id='line_1_3' title="bbox 1813 582 3335 652; baseline 0.003 -17"><span class='ocrx_word' id='word_1_13' title='bbox 1813 601 1873 637; x_wconf 69' lang='lat' dir='ltr'><strong>ea</strong></span> <span class='ocrx_word' id='word_1_14' title='bbox 1897 585 2149 652; x_wconf 80' lang='lat' dir='ltr'><strong>descripta</strong></span> <span class='ocrx_word' id='word_1_15' title='bbox 2179 585 2340 652; x_wconf 76' lang='lat' dir='ltr'><strong>fuisse</strong></span> <span class='ocrx_word' id='word_1_16' title='bbox 2363 597 2425 635; x_wconf 81' lang='lat' dir='ltr'><strong>ea:</strong></span> <span class='ocrx_word' id='word_1_17' title='bbox 2454 582 2632 651; x_wconf 84' lang='lat' dir='ltr'><strong>aliqua</strong></span> <span class='ocrx_word' id='word_1_18' title='bbox 2659 582 2880 637; x_wconf 80' lang='lat' dir='ltr'><strong>editione</strong></span> <span class='ocrx_word' id='word_1_19' title='bbox 2909 594 3101 638; x_wconf 74' lang='lat' dir='ltr'><strong>vetusta</strong></span> <span class='ocrx_word' id='word_1_20' title='bbox 3122 625 3136 648; x_wconf 94' lang='lat'><strong>,</strong></span> <span class='ocrx_word' id='word_1_21' title='bbox 3169 595 3335 640; x_wconf 75' lang='lat' dir='ltr'><strong>tanien</strong></span> 
     </span>
    </p>
   </div>
   <div class='ocr_carea' id='block_1_4' title="bbox 145 633 3333 724">
    <p class='ocr_par' dir='ltr' id='par_1_4' title="bbox 145 633 3333 724">
     <span class='ocr_line' id='line_1_4' title="bbox 145 633 3333 724; baseline -0.002 -13"><span class='ocrx_word' id='word_1_22' title='bbox 145 633 516 724; x_wconf 47' lang='lat' dir='ltr'><strong>BEESiE’JS&#39;JfIPj</strong></span> <span class='ocrx_word' id='word_1_23' title='bbox 633 639 812 724; x_wconf 68' lang='lat' dir='ltr'><strong>_&quot;‘_‘5°e</strong></span> <span class='ocrx_word' id='word_1_24' title='bbox 843 646 1035 724; x_wconf 35' lang='lat' dir='ltr'><strong>“FPIIKS</strong></span> <span class='ocrx_word' id='word_1_25' title='bbox 1057 663 1088 724; x_wconf 79' lang='lat'><strong>\&#39;_</strong></span> <span class='ocrx_word' id='word_1_26' title='bbox 1105 647 1366 724; x_wconf 76' lang='lat' dir='ltr'><strong>lectiones</strong></span> <span class='ocrx_word' id='word_1_27' title='bbox 1391 655 1500 724; x_wconf 56' lang='lat' dir='ltr'><strong>haec</strong></span> <span class='ocrx_word' id='word_1_28' title='bbox 1529 663 1706 724; x_wconf 84' lang='lat' dir='ltr'><strong>notat:</strong></span> <span class='ocrx_word' id='word_1_29' title='bbox 1814 654 1866 724; x_wconf 75' lang='lat' dir='ltr'><strong>id</strong></span> <span class='ocrx_word' id='word_1_30' title='bbox 1897 669 1988 724; x_wconf 84' lang='lat' dir='ltr'><strong>pro</strong></span> <span class='ocrx_word' id='word_1_31' title='bbox 2018 633 2430 724; x_wconf 5' lang='lat' dir='ltr'><strong>ceri-toi&#39;aﬂirmagre</strong></span> <span class='ocrx_word' id='word_1_32' title='bbox 2453 633 2874 719; x_wconf 58' lang='lat' dir='ltr'><strong>postumus:</strong></span> 
     </span>
    </p>
   </div>
   <div class='ocr_carea' id='block_1_5' title="bbox 140 702 2674 790">
    <p class='ocr_par' dir='ltr' id='par_1_5' title="bbox 140 702 2674 790">
     <span class='ocr_line' id='line_1_5' title="bbox 140 702 2674 790; baseline 0.004 -27"><span class='ocrx_word' id='word_1_33' title='bbox 140 702 735 790; x_wconf 15' lang='lat' dir='ltr'><strong>Qflfgrat‘ldrufiexjstno</strong></span> <span class='ocrx_word' id='word_1_34' title='bbox 768 702 963 790; x_wconf 62' lang='lat' dir='ltr'><strong>capite,</strong></span> <span class='ocrx_word' id='word_1_35' title='bbox 1005 715 1250 767; x_wconf 74' lang='lat' dir='ltr'><strong>habentur</strong></span> <span class='ocrx_word' id='word_1_36' title='bbox 1294 702 1361 771; x_wconf 59' lang='lat' dir='ltr'><strong>iii</strong></span> <span class='ocrx_word' id='word_1_37' title='bbox 1391 702 1712 787; x_wconf 34' lang='lat' dir='ltr'><strong>libris-bii?</strong></span> <span class='ocrx_word' id='word_1_38' title='bbox 1816 702 2674 790; x_wconf 10' lang='lat' dir='ltr'><strong>degebﬁitguodii&#39;t&#39;uneignorabitis.</strong></span> 
     </span>
    </p>
   </div>
   <div class='ocr_carea' id='block_1_6' title="bbox 141 770 1728 853">
    <p class='ocr_par' dir='ltr' id='par_1_6' title="bbox 141 770 1728 853">
     <span class='ocr_line' id='line_1_6' title="bbox 141 770 1728 853; baseline 0.013 -33"><span class='ocrx_word' id='word_1_39' title='bbox 141 770 372 825; x_wconf 67' lang='lat' dir='ltr'><strong>busdam</strong></span> <span class='ocrx_word' id='word_1_40' title='bbox 397 772 643 828; x_wconf 70' lang='lat' dir='ltr'><strong>editionis</strong></span> <span class='ocrx_word' id='word_1_41' title='bbox 684 770 962 849; x_wconf 61' lang='lat' dir='ltr'><strong>Vulgata,</strong></span> <span class='ocrx_word' id='word_1_42' title='bbox 974 795 1020 836; x_wconf 89' lang='lat' dir='ltr'><strong>et</strong></span> <span class='ocrx_word' id='word_1_43' title='bbox 1049 770 1365 853; x_wconf 78' lang='lat' dir='ltr'><strong>quamquam</strong></span> <span class='ocrx_word' id='word_1_44' title='bbox 1391 770 1728 843; x_wconf 26' lang='lat' dir='ltr'><strong>credibile-sit</strong></span> 
     </span>
    </p>
   </div>
   <div class='ocr_carea' id='block_1_7' title="bbox 1222 979 2293 1041">
    <p class='ocr_par' dir='ltr' id='par_1_7' title="bbox 1222 979 2293 1041">
     <span class='ocr_line' id='line_1_7' title="bbox 1222 979 2293 1041; baseline -0.001 -2"><span class='ocrx_word' id='word_1_45' title='bbox 1222 979 1478 1040; x_wconf 84' lang='lat' dir='ltr'><strong>CAPUT</strong></span> <span class='ocrx_word' id='word_1_46' title='bbox 1520 981 1600 1040; x_wconf 75' lang='lat' dir='ltr'><strong>Vl</strong></span> <span class='ocrx_word' id='word_1_47' title='bbox 1652 981 1798 1041; x_wconf 86' lang='lat' dir='ltr'><strong>LIB.</strong></span> <span class='ocrx_word' id='word_1_48' title='bbox 1850 980 1936 1038; x_wconf 88' lang='lat' dir='ltr'><strong>III</strong></span> <span class='ocrx_word' id='word_1_49' title='bbox 2003 979 2293 1039; x_wconf 82' lang='lat' dir='ltr'><strong>REGUM.</strong></span> 
     </span>
    </p>
   </div>
   <div class='ocr_carea' id='block_1_8' title="bbox 449 1068 1983 1132">
    <p class='ocr_par' dir='ltr' id='par_1_8' title="bbox 449 1068 1816 1132">
     <span class='ocr_line' id='line_1_8' title="bbox 449 1068 1816 1132; baseline 0.006 -10"><span class='ocrx_word' id='word_1_50' title='bbox 449 1068 884 1128; x_wconf 68' lang='lat' dir='ltr'><strong>&#39;EYMMAXOX.</strong></span> <span class='ocrx_word' id='word_1_51' title='bbox 1743 1081 1783 1132; x_wconf 87' lang='grc' dir='ltr'><strong>Ο</strong></span> <span class='ocrx_word' id='word_1_52' title='bbox 1803 1118 1816 1130; x_wconf 95' lang='grc'><strong>.</strong></span> 
     </span>
    </p>
   </div>
   <div class='ocr_carea' id='block_1_9' title="bbox 1495 1068 3029 1132">
    <p class='ocr_par' dir='ltr' id='par_1_9' title="bbox 1743 1076 3029 1132">
     <span class='ocr_line' id='line_1_9' title="bbox 1743 1076 3029 1132; baseline 0.001 -1"><span class='ocrx_word' id='word_1_53' title='bbox 1743 1081 1783 1132; x_wconf 87' lang='lat'>0</span> <span class='ocrx_word' id='word_1_54' title='bbox 1803 1118 1816 1130; x_wconf 97' lang='lat'><strong>.</strong></span> <span class='ocrx_word' id='word_1_55' title='bbox 2644 1076 3029 1132; x_wconf 82' lang='grc' dir='ltr'><strong>ΘΕΟΔΟἸἹΩΝ.</strong></span> 
     </span>
    </p>
   </div>
   <div class='ocr_carea' id='block_1_10' title="bbox 207 1222 2456 1306">
    <p class='ocr_par' dir='ltr' id='par_1_10' title="bbox 207 1222 2456 1306">
     <span class='ocr_line' id='line_1_10' title="bbox 207 1222 2456 1306; baseline 0.005 -30"><span class='ocrx_word' id='word_1_56' title='bbox 207 1222 269 1276; x_wconf 74' lang='grc'><strong>1.</strong></span> <span class='ocrx_word' id='word_1_57' title='bbox 326 1225 718 1298; x_wconf 81' lang='grc' dir='ltr'>ὀγὸαηκοστῷ.</span> <span class='ocrx_word' id='word_1_58' title='bbox 1053 1257 1055 1260; x_wconf 92' lang='grc'>·</span> <span class='ocrx_word' id='word_1_59' title='bbox 1336 1237 1386 1289; x_wconf 78' lang='grc'><strong>1,</strong></span> <span class='ocrx_word' id='word_1_60' title='bbox 1421 1238 1462 1288; x_wconf 88' lang='grc' dir='ltr'>Τ</span> <span class='ocrx_word' id='word_1_61' title='bbox 1465 1237 1851 1306; x_wconf 81' lang='grc' dir='ltr'>εσσαρακοστῷ.</span> <span class='ocrx_word' id='word_1_62' title='bbox 2411 1236 2456 1288; x_wconf 85' lang='lat' dir='ltr'><strong>I.</strong></span> 
     </span>
    </p>
   </div>
   <div class='ocr_carea' id='block_1_11' title="bbox 199 1312 1733 1394">
    <p class='ocr_par' dir='ltr' id='par_1_11' title="bbox 199 1312 1730 1394">
     <span class='ocr_line' id='line_1_11' title="bbox 199 1312 1730 1394; baseline -0.001 -18"><span class='ocrx_word' id='word_1_63' title='bbox 199 1312 265 1368; x_wconf 69' lang='lat'><strong>2-</strong></span> <span class='ocrx_word' id='word_1_64' title='bbox 1334 1324 1388 1376; x_wconf 74' lang='lat'><strong>9..</strong></span> <span class='ocrx_word' id='word_1_65' title='bbox 1425 1324 1730 1394; x_wconf 84' lang='grc' dir='ltr'>Τεσσαράκο</span> 
     </span>
    </p>
   </div>
   <div class='ocr_carea' id='block_1_12' title="bbox 924 1312 2458 1394">
    <p class='ocr_par' dir='ltr' id='par_1_12' title="bbox 1334 1322 2458 1394">
     <span class='ocr_line' id='line_1_12' title="bbox 1334 1322 2458 1394; baseline -0.001 -19"><span class='ocrx_word' id='word_1_66' title='bbox 1334 1324 1388 1376; x_wconf 74' lang='lat'><strong>9..</strong></span> <span class='ocrx_word' id='word_1_67' title='bbox 1425 1324 1842 1394; x_wconf 76' lang='grc' dir='ltr'>Τεσσαράκοντα.</span> <span class='ocrx_word' id='word_1_68' title='bbox 1891 1324 2121 1386; x_wconf 75' lang='grc' dir='ltr'><strong>Ἄλλοι,</strong></span> <span class='ocrx_word' id='word_1_69' title='bbox 2150 1323 2268 1391; x_wconf 78' lang='grc' dir='ltr'><strong>ὲξή-</strong></span> <span class='ocrx_word' id='word_1_70' title='bbox 2406 1322 2458 1374; x_wconf 73' lang='grc'><strong>2.</strong></span> 
     </span>
    </p>
   </div>
   <div class='ocr_carea' id='block_1_13' title="bbox 1267 1408 1448 1444">
    <p class='ocr_par' dir='ltr' id='par_1_13' title="bbox 1267 1408 1448 1444">
     <span class='ocr_line' id='line_1_13' title="bbox 1267 1408 1448 1444; baseline 0.011 -2"><span class='ocrx_word' id='word_1_71' title='bbox 1267 1408 1448 1444; x_wconf 80' lang='grc' dir='ltr'>κοντα.</span> 
     </span>
    </p>
   </div>
   <div class='ocr_carea' id='block_1_14' title="bbox 197 1469 1731 1550">
    <p class='ocr_par' dir='ltr' id='par_1_14' title="bbox 197 1469 1698 1550">
     <span class='ocr_line' id='line_1_14' title="bbox 197 1469 1698 1550; baseline 0.008 -29"><span class='ocrx_word' id='word_1_72' title='bbox 197 1469 261 1523; x_wconf 79' lang='lat'><strong>3.</strong></span> <span class='ocrx_word' id='word_1_73' title='bbox 302 1471 626 1542; x_wconf 82' lang='grc' dir='ltr'>Πρόπυλον.</span> <span class='ocrx_word' id='word_1_74' title='bbox 1335 1481 1388 1534; x_wconf 78' lang='grc'><strong>5.</strong></span> <span class='ocrx_word' id='word_1_75' title='bbox 1421 1480 1491 1532; x_wconf 87' lang='grc' dir='ltr'><strong>Τὸ</strong></span> <span class='ocrx_word' id='word_1_76' title='bbox 1517 1481 1698 1550; x_wconf 77' lang='grc' dir='ltr'><strong>αἰλάμ.</strong></span> 
     </span>
    </p>
   </div>
   <div class='ocr_carea' id='block_1_15' title="bbox 922 1469 2456 1550">
    <p class='ocr_par' dir='ltr' id='par_1_15' title="bbox 1335 1480 2456 1550">
     <span class='ocr_line' id='line_1_15' title="bbox 1335 1480 2456 1550; baseline -0.002 -16"><span class='ocrx_word' id='word_1_77' title='bbox 1335 1481 1388 1534; x_wconf 78' lang='lat'><strong>3.</strong></span> <span class='ocrx_word' id='word_1_78' title='bbox 1421 1480 1491 1532; x_wconf 86' lang='grc' dir='ltr'><strong>Τὸ</strong></span> <span class='ocrx_word' id='word_1_79' title='bbox 1517 1481 1698 1550; x_wconf 52' lang='lat' dir='ltr'><strong>aueo.</strong></span> <span class='ocrx_word' id='word_1_80' title='bbox 2407 1482 2456 1533; x_wconf 66' lang='grc' dir='ltr'><strong>ε».</strong></span> 
     </span>
    </p>
   </div>
   <div class='ocr_carea' id='block_1_16' title="bbox 130 1561 3348 1691">
    <p class='ocr_par' dir='ltr' id='par_1_16' title="bbox 130 1561 3348 1691">
     <span class='ocr_line' id='line_1_16' title="bbox 130 1561 3348 1691; baseline 0.003 -77"><span class='ocrx_word' id='word_1_81' title='bbox 130 1561 554 1691; x_wconf 58' lang='grc' dir='ltr'><strong>ειεέιρίδοις</strong></span> <span class='ocrx_word' id='word_1_82' title='bbox 598 1566 694 1617; x_wconf 74' lang='grc' dir='ltr'>καὶ</span> <span class='ocrx_word' id='word_1_83' title='bbox 717 1567 938 1631; x_wconf 82' lang='grc' dir='ltr'><strong>ὲκθέτας</strong></span> <span class='ocrx_word' id='word_1_84' title='bbox 985 1571 1199 1623; x_wconf 81' lang='grc' dir='ltr'>ὲπισκέ-</span> <span class='ocrx_word' id='word_1_85' title='bbox 1269 1575 1405 1691; x_wconf 51' lang='grc' dir='ltr'><strong>πτιὲ..</strong></span> <span class='ocrx_word' id='word_1_86' title='bbox 1429 1567 1650 1646; x_wconf 81' lang='grc' dir='ltr'>Θυρίδας</span> <span class='ocrx_word' id='word_1_87' title='bbox 1693 1575 2112 1643; x_wconf 80' lang='grc' dir='ltr'>διακυπτομένας</span> <span class='ocrx_word' id='word_1_88' title='bbox 2143 1593 2270 1644; x_wconf 85' lang='grc' dir='ltr'>κρυ-</span> <span class='ocrx_word' id='word_1_89' title='bbox 2341 1570 2479 1691; x_wconf 39' lang='lat' dir='ltr'><strong>ﬁt:</strong></span> <span class='ocrx_word' id='word_1_90' title='bbox 2496 1568 2720 1639; x_wconf 85' lang='grc' dir='ltr'>Θυρίδας</span> <span class='ocrx_word' id='word_1_91' title='bbox 2763 1571 3181 1640; x_wconf 80' lang='grc' dir='ltr'>διακυπτομένας</span> <span class='ocrx_word' id='word_1_92' title='bbox 3217 1587 3348 1641; x_wconf 81' lang='grc' dir='ltr'>κρυ-</span> 
     </span>
    </p>
   </div>
   <div class='ocr_carea' id='block_1_17' title="bbox 158 1645 2498 1706">
    <p class='ocr_par' dir='ltr' id='par_1_17' title="bbox 158 1645 2498 1706">
     <span class='ocr_line' id='line_1_17' title="bbox 158 1645 2498 1706; baseline 0.004 -28"><span class='ocrx_word' id='word_1_93' title='bbox 158 1645 378 1691; x_wconf 69' lang='grc' dir='ltr'><strong>τοντις.</strong></span> <span class='ocrx_word' id='word_1_94' title='bbox 1269 1645 1422 1706; x_wconf 77' lang='grc' dir='ltr'>πτάς,</span> <span class='ocrx_word' id='word_1_95' title='bbox 1510 1645 1516 1646; x_wconf 64' lang='lat'><strong><em>’</em></strong></span> <span class='ocrx_word' id='word_1_96' title='bbox 2341 1645 2498 1698; x_wconf 79' lang='grc' dir='ltr'><strong>πτὰς.</strong></span> 
     </span>
    </p>
   </div>
   <div class='ocr_carea' id='block_1_18' title="bbox 199 1716 2459 1801">
    <p class='ocr_par' dir='ltr' id='par_1_18' title="bbox 199 1716 2459 1801">
     <span class='ocr_line' id='line_1_18' title="bbox 199 1716 2459 1801; baseline 0.01 -32"><span class='ocrx_word' id='word_1_97' title='bbox 199 1716 262 1769; x_wconf 90' lang='lat'><strong>5.</strong></span> <span class='ocrx_word' id='word_1_98' title='bbox 296 1719 796 1790; x_wconf 71' lang='grc' dir='ltr'><strong>Καταστρώματα.</strong></span> <span class='ocrx_word' id='word_1_99' title='bbox 871 1781 876 1792; x_wconf 21' lang='grc'><strong><em>1</em></strong></span> <span class='ocrx_word' id='word_1_100' title='bbox 1338 1730 1388 1782; x_wconf 85' lang='lat'><strong>5.</strong></span> <span class='ocrx_word' id='word_1_101' title='bbox 1425 1731 1691 1801; x_wconf 80' lang='grc' dir='ltr'><strong>Μέλαθρα.</strong></span> <span class='ocrx_word' id='word_1_102' title='bbox 2407 1723 2459 1776; x_wconf 74' lang='grc' dir='ltr'><strong>⁵ο</strong></span> 
     </span>
    </p>
   </div>
   <div class='ocr_carea' id='block_1_19' title="bbox 197 1809 1751 1890">
    <p class='ocr_par' dir='ltr' id='par_1_19' title="bbox 197 1809 1751 1890">
     <span class='ocr_line' id='line_1_19' title="bbox 197 1809 1751 1890; baseline 0.009 -29"><span class='ocrx_word' id='word_1_103' title='bbox 197 1809 333 1863; x_wconf 73' lang='grc' dir='ltr'><strong>Καὶ</strong></span> <span class='ocrx_word' id='word_1_104' title='bbox 373 1818 868 1885; x_wconf 81' lang='grc' dir='ltr'>χρηματιστηρῑου.</span> <span class='ocrx_word' id='word_1_105' title='bbox 1262 1872 1265 1876; x_wconf 77' lang='grc'>,</span> <span class='ocrx_word' id='word_1_106' title='bbox 1341 1820 1447 1870; x_wconf 74' lang='grc' dir='ltr'><strong>Καὶ</strong></span> <span class='ocrx_word' id='word_1_107' title='bbox 1474 1819 1549 1888; x_wconf 83' lang='grc' dir='ltr'><strong>τῷ</strong></span> <span class='ocrx_word' id='word_1_108' title='bbox 1569 1820 1751 1890; x_wconf 79' lang='grc' dir='ltr'><strong>Δαϐῐρ.</strong></span> 
     </span>
    </p>
   </div>
   <div class='ocr_carea' id='block_1_20' title="bbox 203 1900 1737 1979">
    <p class='ocr_par' dir='ltr' id='par_1_20' title="bbox 203 1900 1737 1960">
     <span class='ocr_line' id='line_1_20' title="bbox 203 1900 1737 1960; baseline 0.004 -8"><span class='ocrx_word' id='word_1_109' title='bbox 203 1900 266 1952; x_wconf 89' lang='lat'><strong>9.</strong></span> <span class='ocrx_word' id='word_1_110' title='bbox 1339 1907 1391 1959; x_wconf 88' lang='lat'><strong>9.</strong></span> <span class='ocrx_word' id='word_1_111' title='bbox 1422 1909 1526 1958; x_wconf 76' lang='lat' dir='ltr'><strong>Kal.</strong></span> <span class='ocrx_word' id='word_1_112' title='bbox 1557 1908 1737 1960; x_wconf 83' lang='grc' dir='ltr'>ὲκοιλο‹</span> 
     </span>
    </p>
   </div>
   <div class='ocr_carea' id='block_1_21' title="bbox 925 1900 2459 1979">
    <p class='ocr_par' dir='ltr' id='par_1_21' title="bbox 1339 1902 2459 1979">
     <span class='ocr_line' id='line_1_21' title="bbox 1339 1902 2459 1979; baseline -0.001 -21"><span class='ocrx_word' id='word_1_113' title='bbox 1339 1907 1391 1959; x_wconf 88' lang='lat'><strong>9.</strong></span> <span class='ocrx_word' id='word_1_114' title='bbox 1422 1909 1526 1958; x_wconf 76' lang='lat' dir='ltr'><strong>Kal.</strong></span> <span class='ocrx_word' id='word_1_115' title='bbox 1557 1908 1855 1962; x_wconf 83' lang='grc' dir='ltr'>ὲκοιλοστάθ</span> <span class='ocrx_word' id='word_1_116' title='bbox 1863 1927 1933 1979; x_wconf 83' lang='grc' dir='ltr'>μη</span> <span class='ocrx_word' id='word_1_117' title='bbox 1941 1925 2046 1960; x_wconf 91' lang='grc' dir='ltr'>σεν.</span> <span class='ocrx_word' id='word_1_118' title='bbox 2407 1902 2459 1957; x_wconf 82' lang='grc'><strong>9.</strong></span> 
     </span>
    </p>
   </div>
   <div class='ocr_carea' id='block_1_22' title="bbox 203 1988 2493 2067">
    <p class='ocr_par' dir='ltr' id='par_1_22' title="bbox 203 1988 2493 2067">
     <span class='ocr_line' id='line_1_22' title="bbox 203 1988 2493 2067; baseline 0.003 -27"><span class='ocrx_word' id='word_1_119' title='bbox 203 1988 302 2040; x_wconf 71' lang='grc'><strong>10.</strong></span> <span class='ocrx_word' id='word_1_120' title='bbox 339 1992 462 2043; x_wconf 79' lang='grc' dir='ltr'><strong>Καὶ</strong></span> <span class='ocrx_word' id='word_1_121' title='bbox 535 1993 854 2064; x_wconf 76' lang='grc' dir='ltr'><strong>ᾠκοδόμησε</strong></span> <span class='ocrx_word' id='word_1_122' title='bbox 905 1996 964 2046; x_wconf 80' lang='grc' dir='ltr'><strong>τὸ</strong></span> <span class='ocrx_word' id='word_1_123' title='bbox 1035 1999 1204 2049; x_wconf 79' lang='grc' dir='ltr'><strong>κατά·</strong></span> <span class='ocrx_word' id='word_1_124' title='bbox 1340 1997 1425 2050; x_wconf 81' lang='grc'><strong>10.</strong></span> <span class='ocrx_word' id='word_1_125' title='bbox 1453 1999 1556 2067; x_wconf 76' lang='grc' dir='ltr'><strong>Καὶ</strong></span> <span class='ocrx_word' id='word_1_126' title='bbox 1607 1999 1908 2067; x_wconf 78' lang='grc' dir='ltr'><strong>ᾠκοδόμησε</strong></span> <span class='ocrx_word' id='word_1_127' title='bbox 1958 1999 2079 2059; x_wconf 78' lang='grc' dir='ltr'>τοὺς</span> <span class='ocrx_word' id='word_1_128' title='bbox 2133 1995 2274 2067; x_wconf 68' lang='grc' dir='ltr'>ἐνδέ-</span> <span class='ocrx_word' id='word_1_129' title='bbox 2411 1989 2493 2042; x_wconf 78' lang='grc'><strong>10.</strong></span> 
     </span>
    </p>
   </div>
   <div class='ocr_carea' id='block_1_23' title="bbox 133 2066 2275 2132">
    <p class='ocr_par' dir='ltr' id='par_1_23' title="bbox 133 2066 2275 2132">
     <span class='ocr_line' id='line_1_23' title="bbox 133 2066 2275 2132; baseline 0.003 -24"><span class='ocrx_word' id='word_1_130' title='bbox 133 2072 408 2126; x_wconf 75' lang='grc' dir='ltr'><strong>στρωμα.</strong></span> <span class='ocrx_word' id='word_1_131' title='bbox 1273 2081 1438 2132; x_wconf 85' lang='grc' dir='ltr'>σμους</span> <span class='ocrx_word' id='word_1_132' title='bbox 1468 2066 1530 2118; x_wconf 85' lang='grc' dir='ltr'><strong>δι’</strong></span> <span class='ocrx_word' id='word_1_133' title='bbox 1558 2066 1674 2118; x_wconf 83' lang='grc' dir='ltr'>ὅλου</span> <span class='ocrx_word' id='word_1_134' title='bbox 1724 2067 1812 2119; x_wconf 79' lang='grc' dir='ltr'><strong>τοῦ</strong></span> <span class='ocrx_word' id='word_1_135' title='bbox 1837 2066 1978 2119; x_wconf 74' lang='grc' dir='ltr'>οἴκου</span> <span class='ocrx_word' id='word_1_136' title='bbox 2009 2067 2164 2118; x_wconf 83' lang='grc' dir='ltr'><strong>πέντε</strong></span> <span class='ocrx_word' id='word_1_137' title='bbox 2215 2066 2275 2116; x_wconf 87' lang='grc' dir='ltr'>ὲν</span> 
     </span>
    </p>
   </div>
   <div class='ocr_carea' id='block_1_24' title="bbox 1273 2134 1870 2203">
    <p class='ocr_par' dir='ltr' id='par_1_24' title="bbox 1273 2134 1870 2203">
     <span class='ocr_line' id='line_1_24' title="bbox 1273 2134 1870 2203; baseline 0.003 -19"><span class='ocrx_word' id='word_1_138' title='bbox 1273 2135 1431 2202; x_wconf 79' lang='grc' dir='ltr'>πήχει</span> <span class='ocrx_word' id='word_1_139' title='bbox 1461 2135 1518 2186; x_wconf 86' lang='grc' dir='ltr'><strong>τὸ</strong></span> <span class='ocrx_word' id='word_1_140' title='bbox 1541 2134 1667 2203; x_wconf 73' lang='grc' dir='ltr'>ὕψος</span> <span class='ocrx_word' id='word_1_141' title='bbox 1694 2135 1870 2187; x_wconf 77' lang='grc' dir='ltr'>αὑτοῦ.</span> 
     </span>
    </p>
   </div>
   <div class='ocr_carea' id='block_1_25' title="bbox 181 2235 3020 2297">
    <p class='ocr_par' dir='ltr' id='par_1_25' title="bbox 181 2235 3020 2297">
     <span class='ocr_line' id='line_1_25' title="bbox 181 2235 3020 2297; baseline 0.001 -8"><span class='ocrx_word' id='word_1_142' title='bbox 181 2241 210 2272; x_wconf 64' lang='grc'>⁸</span> <span class='ocrx_word' id='word_1_143' title='bbox 451 2235 538 2290; x_wconf 73' lang='lat' dir='ltr'><strong>SY</strong></span> <span class='ocrx_word' id='word_1_144' title='bbox 547 2236 900 2293; x_wconf 70' lang='lat' dir='ltr'><strong>MMACIIUS.</strong></span> <span class='ocrx_word' id='word_1_145' title='bbox 1452 2242 1588 2295; x_wconf 75' lang='lat' dir='ltr'><strong>LXX</strong></span> <span class='ocrx_word' id='word_1_146' title='bbox 1629 2243 2110 2297; x_wconf 80' lang='lat' dir='ltr'><strong>INTERPRETES.</strong></span> <span class='ocrx_word' id='word_1_147' title='bbox 2623 2235 3020 2293; x_wconf 65' lang='lat' dir='ltr'><strong>THEODOTIO»</strong></span> 
     </span>
    </p>
   </div>
   <div class='ocr_carea' id='block_1_26' title="bbox 209 2327 1743 2405">
    <p class='ocr_par' dir='ltr' id='par_1_26' title="bbox 209 2327 1742 2405">
     <span class='ocr_line' id='line_1_26' title="bbox 209 2327 1742 2405; baseline 0.005 -23"><span class='ocrx_word' id='word_1_148' title='bbox 209 2330 237 2382; x_wconf 72' lang='grc'><strong>1</strong></span> <span class='ocrx_word' id='word_1_149' title='bbox 251 2369 267 2382; x_wconf 94' lang='grc'><strong>.</strong></span> <span class='ocrx_word' id='word_1_150' title='bbox 310 2327 698 2397; x_wconf 88' lang='lat' dir='ltr'><strong>Octogesimo.</strong></span> <span class='ocrx_word' id='word_1_151' title='bbox 1336 2335 1361 2387; x_wconf 78' lang='lat' dir='ltr'><strong>I</strong></span> <span class='ocrx_word' id='word_1_152' title='bbox 1375 2371 1390 2388; x_wconf 96' lang='lat'><strong>.</strong></span> <span class='ocrx_word' id='word_1_153' title='bbox 1424 2335 1742 2405; x_wconf 84' lang='lat' dir='ltr'><strong>Quadragesi</strong></span> 
     </span>
    </p>
   </div>
   <div class='ocr_carea' id='block_1_27' title="bbox 931 2327 2465 2405">
    <p class='ocr_par' dir='ltr' id='par_1_27' title="bbox 1336 2331 2465 2405">
     <span class='ocr_line' id='line_1_27' title="bbox 1336 2331 2465 2405; baseline -0.003 -18"><span class='ocrx_word' id='word_1_154' title='bbox 1336 2335 1390 2388; x_wconf 77' lang='lat' dir='ltr'><strong>I.</strong></span> <span class='ocrx_word' id='word_1_155' title='bbox 1424 2335 1854 2405; x_wconf 85' lang='lat' dir='ltr'><strong>Quadragesimo.</strong></span> <span class='ocrx_word' id='word_1_156' title='bbox 2415 2331 2465 2384; x_wconf 80' lang='lat' dir='ltr'><strong>I.</strong></span> 
     </span>
    </p>
   </div>
   <div class='ocr_carea' id='block_1_28' title="bbox 214 2417 2466 2493">
    <p class='ocr_par' dir='ltr' id='par_1_28' title="bbox 214 2417 2466 2493">
     <span class='ocr_line' id='line_1_28' title="bbox 214 2417 2466 2493; baseline 0.001 -23"><span class='ocrx_word' id='word_1_157' title='bbox 214 2417 276 2470; x_wconf 78' lang='lat'><strong>2.</strong></span> <span class='ocrx_word' id='word_1_158' title='bbox 1338 2423 1391 2476; x_wconf 76' lang='lat'><strong>2.</strong></span> <span class='ocrx_word' id='word_1_159' title='bbox 1421 2423 1794 2493; x_wconf 74' lang='lat' dir='ltr'><strong>Quadraginta.</strong></span> <span class='ocrx_word' id='word_1_160' title='bbox 1823 2425 1948 2487; x_wconf 82' lang='lat' dir='ltr'><strong>Alii,</strong></span> <span class='ocrx_word' id='word_1_161' title='bbox 1979 2423 2270 2493; x_wconf 79' lang='lat' dir='ltr'><strong>sexaginta.</strong></span> <span class='ocrx_word' id='word_1_162' title='bbox 2409 2418 2466 2473; x_wconf 70' lang='grc'><strong>2.</strong></span> 
     </span>
    </p>
   </div>
   <div class='ocr_carea' id='block_1_29' title="bbox 203 2505 2465 2565">
    <p class='ocr_par' dir='ltr' id='par_1_29' title="bbox 203 2505 2465 2565">
     <span class='ocr_line' id='line_1_29' title="bbox 203 2505 2465 2565; baseline 0.003 -4"><span class='ocrx_word' id='word_1_163' title='bbox 203 2508 263 2561; x_wconf 82' lang='grc'><strong>5.</strong></span> <span class='ocrx_word' id='word_1_164' title='bbox 301 2506 686 2562; x_wconf 75' lang='lat' dir='ltr'><strong>Vestibulum.</strong></span> <span class='ocrx_word' id='word_1_165' title='bbox 1340 2512 1390 2565; x_wconf 77' lang='grc'><strong>3.</strong></span> <span class='ocrx_word' id='word_1_166' title='bbox 1426 2511 1618 2565; x_wconf 65' lang='lat' dir='ltr'><strong>Elam.</strong></span> <span class='ocrx_word' id='word_1_167' title='bbox 2412 2505 2465 2560; x_wconf 76' lang='lat'><strong>3-</strong></span> 
     </span>
    </p>
   </div>
   <div class='ocr_carea' id='block_1_30' title="bbox 201 2597 3349 2672">
    <p class='ocr_par' dir='ltr' id='par_1_30' title="bbox 201 2597 3349 2672">
     <span class='ocr_line' id='line_1_30' title="bbox 201 2597 3349 2672; baseline 0.001 -21"><span class='ocrx_word' id='word_1_168' title='bbox 201 2599 261 2652; x_wconf 76' lang='grc'><strong>4.</strong></span> <span class='ocrx_word' id='word_1_169' title='bbox 305 2597 613 2653; x_wconf 81' lang='lat' dir='ltr'><strong>Fenestras</strong></span> <span class='ocrx_word' id='word_1_170' title='bbox 628 2609 684 2653; x_wconf 89' lang='lat' dir='ltr'><strong>et</strong></span> <span class='ocrx_word' id='word_1_171' title='bbox 712 2599 956 2656; x_wconf 86' lang='lat' dir='ltr'><strong>ecthetas</strong></span> <span class='ocrx_word' id='word_1_172' title='bbox 981 2601 1046 2655; x_wconf 87' lang='lat' dir='ltr'><strong>ad</strong></span> <span class='ocrx_word' id='word_1_173' title='bbox 1076 2615 1203 2670; x_wconf 88' lang='lat' dir='ltr'><strong>pro-</strong></span> <span class='ocrx_word' id='word_1_174' title='bbox 1340 2602 1392 2672; x_wconf 58' lang='grc'><strong>4.</strong></span> <span class='ocrx_word' id='word_1_175' title='bbox 1423 2601 1700 2656; x_wconf 86' lang='lat' dir='ltr'><strong>Fenestras</strong></span> <span class='ocrx_word' id='word_1_176' title='bbox 1744 2601 2140 2671; x_wconf 76' lang='lat' dir='ltr'><strong>prospicientes,</strong></span> <span class='ocrx_word' id='word_1_177' title='bbox 2184 2615 2274 2655; x_wconf 85' lang='lat' dir='ltr'><strong>oc-</strong></span> <span class='ocrx_word' id='word_1_178' title='bbox 2414 2599 2466 2672; x_wconf 54' lang='grc' dir='ltr'><strong>β.</strong></span> <span class='ocrx_word' id='word_1_179' title='bbox 2502 2599 2780 2657; x_wconf 84' lang='lat' dir='ltr'><strong>Fenestras</strong></span> <span class='ocrx_word' id='word_1_180' title='bbox 2829 2599 3229 2672; x_wconf 85' lang='lat' dir='ltr'><strong>prospicientes,</strong></span> <span class='ocrx_word' id='word_1_181' title='bbox 3255 2612 3349 2654; x_wconf 83' lang='lat' dir='ltr'><strong>oc-</strong></span> 
     </span>
    </p>
   </div>
   <div class='ocr_carea' id='block_1_31' title="bbox 133 2669 2533 2738">
    <p class='ocr_par' dir='ltr' id='par_1_31' title="bbox 133 2669 2533 2738">
     <span class='ocr_line' id='line_1_31' title="bbox 133 2669 2533 2738; baseline 0.001 -16"><span class='ocrx_word' id='word_1_182' title='bbox 133 2678 425 2738; x_wconf 79' lang='lat' dir='ltr'><strong>spectum.</strong></span> <span class='ocrx_word' id='word_1_183' title='bbox 1041 2688 1043 2690; x_wconf 93' lang='grc'><strong>·</strong></span> <span class='ocrx_word' id='word_1_184' title='bbox 1077 2669 1091 2670; x_wconf 30' lang='grc' dir='ltr'>ί</span> <span class='ocrx_word' id='word_1_185' title='bbox 1273 2670 1462 2723; x_wconf 90' lang='lat' dir='ltr'><strong>cultas.</strong></span> <span class='ocrx_word' id='word_1_186' title='bbox 1745 2669 1761 2671; x_wconf 68' lang='grc'><strong><em>“</em></strong></span> <span class='ocrx_word' id='word_1_187' title='bbox 1871 2669 1886 2670; x_wconf 31' lang='grc' dir='ltr'>ί</span> <span class='ocrx_word' id='word_1_188' title='bbox 2343 2669 2533 2724; x_wconf 90' lang='lat' dir='ltr'><strong>cultas.</strong></span> 
     </span>
    </p>
   </div>
   <div class='ocr_carea' id='block_1_32' title="bbox 208 2756 2464 2817">
    <p class='ocr_par' dir='ltr' id='par_1_32' title="bbox 208 2756 2464 2817">
     <span class='ocr_line' id='line_1_32' title="bbox 208 2756 2464 2817; baseline 0.001 -6"><span class='ocrx_word' id='word_1_189' title='bbox 208 2759 266 2811; x_wconf 85' lang='lat'><strong>5.</strong></span> <span class='ocrx_word' id='word_1_190' title='bbox 299 2757 608 2811; x_wconf 73' lang='lat' dir='ltr'><strong>Tabulata.</strong></span> <span class='ocrx_word' id='word_1_191' title='bbox 1342 2756 1390 2810; x_wconf 87' lang='lat'><strong>5.</strong></span> <span class='ocrx_word' id='word_1_192' title='bbox 1419 2757 1690 2812; x_wconf 80' lang='lat' dir='ltr'><strong>Melatlira.</strong></span> <span class='ocrx_word' id='word_1_193' title='bbox 2411 2760 2464 2817; x_wconf 86' lang='lat'><strong>5.</strong></span> 
     </span>
    </p>
   </div>
   <div class='ocr_carea' id='block_1_33' title="bbox 207 2847 1736 2916">
    <p class='ocr_par' dir='ltr' id='par_1_33' title="bbox 207 2847 1736 2916">
     <span class='ocr_line' id='line_1_33' title="bbox 207 2847 1736 2916; baseline 0.003 -18"><span class='ocrx_word' id='word_1_194' title='bbox 207 2848 279 2900; x_wconf 81' lang='lat' dir='ltr'><strong>Et</strong></span> <span class='ocrx_word' id='word_1_195' title='bbox 308 2847 553 2900; x_wconf 85' lang='lat' dir='ltr'><strong>oraculi.</strong></span> <span class='ocrx_word' id='word_1_196' title='bbox 1339 2847 1406 2901; x_wconf 86' lang='lat' dir='ltr'><strong>Et</strong></span> <span class='ocrx_word' id='word_1_197' title='bbox 1434 2849 1529 2916; x_wconf 89' lang='lat' dir='ltr'><strong>ipsi</strong></span> <span class='ocrx_word' id='word_1_198' title='bbox 1561 2849 1736 2902; x_wconf 89' lang='lat' dir='ltr'><strong>Dabir.</strong></span> 
     </span>
    </p>
   </div>
   <div class='ocr_carea' id='block_1_34' title="bbox 207 2936 2868 3007">
    <p class='ocr_par' dir='ltr' id='par_1_34' title="bbox 207 2936 2868 3007">
     <span class='ocr_line' id='line_1_34' title="bbox 207 2936 2868 3007; baseline 0.002 -17"><span class='ocrx_word' id='word_1_199' title='bbox 207 2937 262 2990; x_wconf 89' lang='lat'><strong>9.</strong></span> <span class='ocrx_word' id='word_1_200' title='bbox 1340 2937 1393 2991; x_wconf 88' lang='lat'><strong>9.</strong></span> <span class='ocrx_word' id='word_1_201' title='bbox 1424 2936 1574 2990; x_wconf 80' lang='lat' dir='ltr'><strong>Texit</strong></span> <span class='ocrx_word' id='word_1_202' title='bbox 1605 2954 1814 3007; x_wconf 88' lang='lat' dir='ltr'><strong>quoque</strong></span> <span class='ocrx_word' id='word_1_203' title='bbox 1851 2939 2208 3006; x_wconf 85' lang='lat' dir='ltr'><strong>laquearibus.</strong></span> <span class='ocrx_word' id='word_1_204' title='bbox 2418 2939 2474 2993; x_wconf 83' lang='lat'><strong>9.</strong></span> <span class='ocrx_word' id='word_1_205' title='bbox 2843 2949 2868 2981; x_wconf 78' lang='grc' dir='ltr'><strong>ο</strong></span> 
     </span>
    </p>
   </div>
   <div class='ocr_carea' id='block_1_35' title="bbox 210 3025 2502 3094">
    <p class='ocr_par' dir='ltr' id='par_1_35' title="bbox 210 3025 2502 3094">
     <span class='ocr_line' id='line_1_35' title="bbox 210 3025 2502 3094; baseline 0.002 -16"><span class='ocrx_word' id='word_1_206' title='bbox 210 3027 308 3079; x_wconf 73' lang='grc'><strong>10.</strong></span> <span class='ocrx_word' id='word_1_207' title='bbox 340 3026 413 3079; x_wconf 84' lang='lat' dir='ltr'><strong>Et</strong></span> <span class='ocrx_word' id='word_1_208' title='bbox 444 3025 741 3080; x_wconf 55' lang='lat' dir='ltr'><strong>aediﬁcavit</strong></span> <span class='ocrx_word' id='word_1_209' title='bbox 773 3026 1094 3079; x_wconf 80' lang='lat' dir='ltr'><strong>tabulatum.</strong></span> <span class='ocrx_word' id='word_1_210' title='bbox 1345 3027 1427 3079; x_wconf 72' lang='grc'><strong>10.</strong></span> <span class='ocrx_word' id='word_1_211' title='bbox 1465 3027 1524 3078; x_wconf 88' lang='grc' dir='ltr'><strong>Ει</strong></span> <span class='ocrx_word' id='word_1_212' title='bbox 1551 3028 1828 3081; x_wconf 66' lang='lat' dir='ltr'><strong>aedificavit</strong></span> <span class='ocrx_word' id='word_1_213' title='bbox 1875 3029 2150 3094; x_wconf 78' lang='lat' dir='ltr'><strong>ligamenta</strong></span> <span class='ocrx_word' id='word_1_214' title='bbox 2184 3045 2272 3082; x_wconf 91' lang='lat' dir='ltr'><strong>su-</strong></span> <span class='ocrx_word' id='word_1_215' title='bbox 2417 3032 2502 3082; x_wconf 81' lang='grc'><strong>10.</strong></span> 
     </span>
    </p>
   </div>
   <div class='ocr_carea' id='block_1_36' title="bbox 1276 3098 2272 3165">
    <p class='ocr_par' dir='ltr' id='par_1_36' title="bbox 1276 3098 2272 3165">
     <span class='ocr_line' id='line_1_36' title="bbox 1276 3098 2272 3165; baseline 0.003 -19"><span class='ocrx_word' id='word_1_216' title='bbox 1276 3108 1368 3161; x_wconf 85' lang='lat' dir='ltr'><strong>per</strong></span> <span class='ocrx_word' id='word_1_217' title='bbox 1398 3104 1557 3147; x_wconf 86' lang='lat' dir='ltr'><strong>totam</strong></span> <span class='ocrx_word' id='word_1_218' title='bbox 1589 3098 1824 3157; x_wconf 86' lang='lat' dir='ltr'><strong>domum,</strong></span> <span class='ocrx_word' id='word_1_219' title='bbox 1852 3099 2086 3165; x_wconf 82' lang='lat' dir='ltr'><strong>quinque</strong></span> <span class='ocrx_word' id='word_1_220' title='bbox 2127 3100 2272 3151; x_wconf 87' lang='lat' dir='ltr'><strong>cubi-</strong></span> 
     </span>
    </p>
   </div>
   <div class='ocr_carea' id='block_1_37' title="bbox 1275 3165 1857 3232">
    <p class='ocr_par' dir='ltr' id='par_1_37' title="bbox 1275 3165 1857 3232">
     <span class='ocr_line' id='line_1_37' title="bbox 1275 3165 1857 3232; baseline 0.007 -18"><span class='ocrx_word' id='word_1_221' title='bbox 1275 3171 1447 3214; x_wconf 83' lang='lat' dir='ltr'><strong>torum</strong></span> <span class='ocrx_word' id='word_1_222' title='bbox 1479 3165 1696 3215; x_wconf 85' lang='lat' dir='ltr'><strong>altitudo</strong></span> <span class='ocrx_word' id='word_1_223' title='bbox 1723 3165 1857 3232; x_wconf 84' lang='lat' dir='ltr'><strong>ejus.</strong></span> 
     </span>
    </p>
   </div>
   <div class='ocr_carea' id='block_1_38' title="bbox 140 3248 3352 3322">
    <p class='ocr_par' dir='ltr' id='par_1_38' title="bbox 140 3248 3352 3322">
     <span class='ocr_line' id='line_1_38' title="bbox 140 3248 3352 3322; baseline 0.001 -16"><span class='ocrx_word' id='word_1_224' title='bbox 140 3253 339 3306; x_wconf 88' lang='lat' dir='ltr'><strong>medio</strong></span> <span class='ocrx_word' id='word_1_225' title='bbox 391 3252 634 3304; x_wconf 80' lang='lat' dir='ltr'><strong>ﬁliorum</strong></span> <span class='ocrx_word' id='word_1_226' title='bbox 673 3250 839 3303; x_wconf 86' lang='lat' dir='ltr'><strong>Israel</strong></span> <span class='ocrx_word' id='word_1_227' title='bbox 869 3268 880 3301; x_wconf 92' lang='lat'>:</span> <span class='ocrx_word' id='word_1_228' title='bbox 915 3258 967 3301; x_wconf 89' lang='lat' dir='ltr'><strong>et</strong></span> <span class='ocrx_word' id='word_1_229' title='bbox 1002 3264 1109 3300; x_wconf 88' lang='lat' dir='ltr'><strong>non</strong></span> <span class='ocrx_word' id='word_1_230' title='bbox 1149 3248 1509 3317; x_wconf 85' lang='lat' dir='ltr'><strong>derelinquam</strong></span> <span class='ocrx_word' id='word_1_231' title='bbox 1557 3267 1724 3318; x_wconf 67' lang='lat' dir='ltr'><strong>popuo</strong></span> <span class='ocrx_word' id='word_1_232' title='bbox 1830 3267 1952 3304; x_wconf 91' lang='lat' dir='ltr'><strong>mon</strong></span> <span class='ocrx_word' id='word_1_233' title='bbox 1985 3253 2220 3318; x_wconf 90' lang='lat' dir='ltr'><strong>domum,</strong></span> <span class='ocrx_word' id='word_1_234' title='bbox 2253 3265 2303 3308; x_wconf 87' lang='lat' dir='ltr'><strong>et</strong></span> <span class='ocrx_word' id='word_1_235' title='bbox 2329 3255 2716 3308; x_wconf 82' lang='lat' dir='ltr'><strong>consummavit</strong></span> <span class='ocrx_word' id='word_1_236' title='bbox 2745 3268 2880 3322; x_wconf 80' lang='lat' dir='ltr'><strong>eam.</strong></span> <span class='ocrx_word' id='word_1_237' title='bbox 2918 3252 3064 3319; x_wconf 86' lang='lat' dir='ltr'><strong>Vulg.</strong></span> <span class='ocrx_word' id='word_1_238' title='bbox 3095 3252 3156 3304; x_wconf 87' lang='lat' dir='ltr'><strong>Et</strong></span> <span class='ocrx_word' id='word_1_239' title='bbox 3184 3252 3352 3308; x_wconf 76' lang='lat' dir='ltr'><strong>factus</strong></span> 
     </span>
    </p>
   </div>
   <div class='ocr_carea' id='block_1_39' title="bbox 141 3337 3351 3397">
    <p class='ocr_par' dir='ltr' id='par_1_39' title="bbox 141 3337 3351 3397">
     <span class='ocr_line' id='line_1_39' title="bbox 141 3337 3351 3397; baseline -0 -3"><span class='ocrx_word' id='word_1_240' title='bbox 141 3345 254 3396; x_wconf 90' lang='lat' dir='ltr'><strong>lum</strong></span> <span class='ocrx_word' id='word_1_241' title='bbox 303 3357 504 3394; x_wconf 88' lang='lat' dir='ltr'><strong>meum</strong></span> <span class='ocrx_word' id='word_1_242' title='bbox 535 3340 721 3393; x_wconf 89' lang='lat' dir='ltr'><strong>Israel.</strong></span> <span class='ocrx_word' id='word_1_243' title='bbox 760 3339 826 3392; x_wconf 85' lang='lat' dir='ltr'><strong>Et</strong></span> <span class='ocrx_word' id='word_1_244' title='bbox 853 3338 1131 3392; x_wconf 67' lang='lat' dir='ltr'><strong>aediﬁcavit</strong></span> <span class='ocrx_word' id='word_1_245' title='bbox 1162 3337 1377 3390; x_wconf 89' lang='lat' dir='ltr'><strong>Salomo</strong></span> <span class='ocrx_word' id='word_1_246' title='bbox 1405 3341 1619 3392; x_wconf 85' lang='lat' dir='ltr'><strong>domum</strong></span> <span class='ocrx_word' id='word_1_247' title='bbox 1663 3352 1714 3394; x_wconf 89' lang='lat' dir='ltr'><strong>et</strong></span> <span class='ocrx_word' id='word_1_248' title='bbox 1837 3351 1919 3394; x_wconf 81' lang='lat' dir='ltr'><strong>est</strong></span> <span class='ocrx_word' id='word_1_249' title='bbox 1948 3356 2121 3396; x_wconf 87' lang='lat' dir='ltr'><strong>sermo</strong></span> <span class='ocrx_word' id='word_1_250' title='bbox 2151 3343 2359 3397; x_wconf 83' lang='lat' dir='ltr'><strong>Domini</strong></span> <span class='ocrx_word' id='word_1_251' title='bbox 2385 3345 2449 3397; x_wconf 88' lang='lat' dir='ltr'><strong>ad</strong></span> <span class='ocrx_word' id='word_1_252' title='bbox 2506 3342 2840 3395; x_wconf 86' lang='lat' dir='ltr'><strong>Salomouem</strong></span> <span class='ocrx_word' id='word_1_253' title='bbox 2888 3342 3103 3395; x_wconf 87' lang='lat' dir='ltr'><strong>dicens:</strong></span> <span class='ocrx_word' id='word_1_254' title='bbox 3156 3340 3351 3393; x_wconf 84' lang='lat' dir='ltr'><strong>Domus</strong></span> 
     </span>
    </p>
   </div>
   <div class='ocr_carea' id='block_1_40' title="bbox 141 3428 3352 3501">
    <p class='ocr_par' dir='ltr' id='par_1_40' title="bbox 141 3428 3352 3501">
     <span class='ocr_line' id='line_1_40' title="bbox 141 3428 3352 3501; baseline -0.001 -18"><span class='ocrx_word' id='word_1_255' title='bbox 141 3430 396 3501; x_wconf 81' lang='lat' dir='ltr'><strong>perfecit</strong></span> <span class='ocrx_word' id='word_1_256' title='bbox 451 3444 594 3483; x_wconf 88' lang='lat' dir='ltr'><strong>eam.</strong></span> <span class='ocrx_word' id='word_1_257' title='bbox 625 3429 761 3493; x_wconf 81' lang='lat' dir='ltr'><strong>Alii,</strong></span> <span class='ocrx_word' id='word_1_258' title='bbox 794 3439 848 3481; x_wconf 91' lang='lat' dir='ltr'><strong>et</strong></span> <span class='ocrx_word' id='word_1_259' title='bbox 881 3428 1079 3481; x_wconf 78' lang='lat' dir='ltr'><strong>factum</strong></span> <span class='ocrx_word' id='word_1_260' title='bbox 1135 3437 1216 3480; x_wconf 90' lang='lat' dir='ltr'><strong>est</strong></span> <span class='ocrx_word' id='word_1_261' title='bbox 1259 3428 1474 3480; x_wconf 82' lang='lat' dir='ltr'><strong>verbum</strong></span> <span class='ocrx_word' id='word_1_262' title='bbox 1521 3429 1728 3482; x_wconf 86' lang='lat' dir='ltr'><strong>Domini</strong></span> <span class='ocrx_word' id='word_1_263' title='bbox 1837 3431 1970 3494; x_wconf 70' lang='lat' dir='ltr'><strong>haec,</strong></span> <span class='ocrx_word' id='word_1_264' title='bbox 2007 3447 2164 3499; x_wconf 88' lang='lat' dir='ltr'><strong>quam</strong></span> <span class='ocrx_word' id='word_1_265' title='bbox 2200 3433 2450 3496; x_wconf 70' lang='lat' dir='ltr'><strong>aediﬁcas,</strong></span> <span class='ocrx_word' id='word_1_266' title='bbox 2509 3432 2552 3484; x_wconf 91' lang='lat' dir='ltr'><strong>si</strong></span> <span class='ocrx_word' id='word_1_267' title='bbox 2591 3431 2945 3484; x_wconf 88' lang='lat' dir='ltr'><strong>ambulaveris</strong></span> <span class='ocrx_word' id='word_1_268' title='bbox 2983 3429 3033 3480; x_wconf 87' lang='lat' dir='ltr'><strong>in</strong></span> <span class='ocrx_word' id='word_1_269' title='bbox 3080 3429 3352 3496; x_wconf 63' lang='lat' dir='ltr'><strong>praaceptis</strong></span> 
     </span>
    </p>
   </div>
   <div class='ocr_carea' id='block_1_41' title="bbox 141 3517 3349 3588">
    <p class='ocr_par' dir='ltr' id='par_1_41' title="bbox 141 3517 3349 3588">
     <span class='ocr_line' id='line_1_41' title="bbox 141 3517 3349 3588; baseline -0.002 -14"><span class='ocrx_word' id='word_1_270' title='bbox 141 3523 208 3574; x_wconf 87' lang='lat' dir='ltr'><strong>ad</strong></span> <span class='ocrx_word' id='word_1_271' title='bbox 246 3521 628 3574; x_wconf 82' lang='lat' dir='ltr'><strong>Salomonem</strong></span> <span class='ocrx_word' id='word_1_272' title='bbox 661 3519 886 3572; x_wconf 88' lang='lat' dir='ltr'><strong>dicens:</strong></span> <span class='ocrx_word' id='word_1_273' title='bbox 912 3517 1113 3571; x_wconf 92' lang='lat' dir='ltr'><strong>Domus</strong></span> <span class='ocrx_word' id='word_1_274' title='bbox 1155 3518 1284 3582; x_wconf 66' lang='lat' dir='ltr'><strong>haec,</strong></span> <span class='ocrx_word' id='word_1_275' title='bbox 1321 3533 1477 3585; x_wconf 90' lang='lat' dir='ltr'><strong>quam</strong></span> <span class='ocrx_word' id='word_1_276' title='bbox 1511 3528 1563 3571; x_wconf 90' lang='lat' dir='ltr'><strong>tu</strong></span> <span class='ocrx_word' id='word_1_277' title='bbox 1609 3519 1735 3572; x_wconf 63' lang='lat' dir='ltr'><strong>ardi~</strong></span> <span class='ocrx_word' id='word_1_278' title='bbox 1838 3520 1990 3579; x_wconf 85' lang='lat' dir='ltr'><strong>meis,</strong></span> <span class='ocrx_word' id='word_1_279' title='bbox 2028 3520 2296 3588; x_wconf 84' lang='lat' dir='ltr'><strong>etjudicia</strong></span> <span class='ocrx_word' id='word_1_280' title='bbox 2335 3537 2448 3573; x_wconf 87' lang='lat' dir='ltr'><strong>mea</strong></span> <span class='ocrx_word' id='word_1_281' title='bbox 2502 3520 2708 3578; x_wconf 81' lang='lat' dir='ltr'><strong>feceris.</strong></span> <span class='ocrx_word' id='word_1_282' title='bbox 2741 3530 2794 3571; x_wconf 91' lang='lat' dir='ltr'><strong>et</strong></span> <span class='ocrx_word' id='word_1_283' title='bbox 2834 3517 3146 3571; x_wconf 86' lang='lat' dir='ltr'><strong>custodieris</strong></span> <span class='ocrx_word' id='word_1_284' title='bbox 3174 3518 3349 3569; x_wconf 84' lang='lat' dir='ltr'><strong>omnia</strong></span> 
     </span>
    </p>
   </div>
   <div class='ocr_carea' id='block_1_42' title="bbox 141 3607 3352 3678">
    <p class='ocr_par' dir='ltr' id='par_1_42' title="bbox 141 3607 3352 3678">
     <span class='ocr_line' id='line_1_42' title="bbox 141 3607 3352 3678; baseline -0.002 -12"><span class='ocrx_word' id='word_1_285' title='bbox 141 3611 303 3673; x_wconf 82' lang='lat' dir='ltr'><strong>ﬁcas,</strong></span> <span class='ocrx_word' id='word_1_286' title='bbox 349 3611 402 3663; x_wconf 77' lang='lat' dir='ltr'><strong>si</strong></span> <span class='ocrx_word' id='word_1_287' title='bbox 444 3608 822 3662; x_wconf 80' lang='lat' dir='ltr'><strong>ambulaveris</strong></span> <span class='ocrx_word' id='word_1_288' title='bbox 857 3608 909 3658; x_wconf 90' lang='lat' dir='ltr'><strong>in</strong></span> <span class='ocrx_word' id='word_1_289' title='bbox 942 3607 1206 3660; x_wconf 85' lang='lat' dir='ltr'><strong>mandatis</strong></span> <span class='ocrx_word' id='word_1_290' title='bbox 1253 3609 1406 3666; x_wconf 88' lang='lat' dir='ltr'><strong>meis,</strong></span> <span class='ocrx_word' id='word_1_291' title='bbox 1447 3616 1499 3659; x_wconf 77' lang='lat' dir='ltr'><strong>et</strong></span> <span class='ocrx_word' id='word_1_292' title='bbox 1535 3608 1731 3674; x_wconf 85' lang='lat' dir='ltr'><strong>judicia</strong></span> <span class='ocrx_word' id='word_1_293' title='bbox 1832 3611 2077 3662; x_wconf 87' lang='lat' dir='ltr'><strong>mandata</strong></span> <span class='ocrx_word' id='word_1_294' title='bbox 2115 3627 2249 3675; x_wconf 84' lang='lat' dir='ltr'><strong>mea,</strong></span> <span class='ocrx_word' id='word_1_295' title='bbox 2278 3612 2523 3678; x_wconf 80' lang='lat' dir='ltr'><strong>gradiens</strong></span> <span class='ocrx_word' id='word_1_296' title='bbox 2551 3625 2642 3678; x_wconf 86' lang='lat' dir='ltr'><strong>per</strong></span> <span class='ocrx_word' id='word_1_297' title='bbox 2667 3624 2763 3671; x_wconf 87' lang='lat' dir='ltr'><strong>ea;</strong></span> <span class='ocrx_word' id='word_1_298' title='bbox 2807 3607 3028 3660; x_wconf 86' lang='lat' dir='ltr'><strong>Iirmabo</strong></span> <span class='ocrx_word' id='word_1_299' title='bbox 3054 3621 3352 3660; x_wconf 86' lang='lat' dir='ltr'><strong>sermonem</strong></span> 
     </span>
    </p>
   </div>
   <div class='ocr_carea' id='block_1_43' title="bbox 143 3697 3352 3768">
    <p class='ocr_par' dir='ltr' id='par_1_43' title="bbox 143 3697 3352 3768">
     <span class='ocr_line' id='line_1_43' title="bbox 143 3697 3352 3768; baseline -0.002 -13"><span class='ocrx_word' id='word_1_300' title='bbox 143 3717 268 3755; x_wconf 84' lang='lat' dir='ltr'><strong>mea</strong></span> <span class='ocrx_word' id='word_1_301' title='bbox 317 3699 555 3760; x_wconf 72' lang='lat' dir='ltr'><strong>feceris,</strong></span> <span class='ocrx_word' id='word_1_302' title='bbox 592 3708 647 3752; x_wconf 88' lang='lat' dir='ltr'><strong>et</strong></span> <span class='ocrx_word' id='word_1_303' title='bbox 699 3697 1022 3751; x_wconf 81' lang='lat' dir='ltr'><strong>custodieris</strong></span> <span class='ocrx_word' id='word_1_304' title='bbox 1060 3697 1240 3748; x_wconf 89' lang='lat' dir='ltr'><strong>omnia</strong></span> <span class='ocrx_word' id='word_1_305' title='bbox 1295 3705 1553 3764; x_wconf 64' lang='lat' dir='ltr'><strong>prmeepta</strong></span> <span class='ocrx_word' id='word_1_306' title='bbox 1595 3713 1732 3762; x_wconf 88' lang='lat' dir='ltr'><strong>mea,</strong></span> <span class='ocrx_word' id='word_1_307' title='bbox 1836 3713 2012 3751; x_wconf 90' lang='lat' dir='ltr'><strong>meum</strong></span> <span class='ocrx_word' id='word_1_308' title='bbox 2047 3701 2161 3763; x_wconf 91' lang='lat' dir='ltr'><strong>tibi,</strong></span> <span class='ocrx_word' id='word_1_309' title='bbox 2192 3717 2348 3768; x_wconf 89' lang='lat' dir='ltr'><strong>quem</strong></span> <span class='ocrx_word' id='word_1_310' title='bbox 2394 3703 2601 3754; x_wconf 87' lang='lat' dir='ltr'><strong>locutus</strong></span> <span class='ocrx_word' id='word_1_311' title='bbox 2650 3715 2766 3752; x_wconf 88' lang='lat' dir='ltr'><strong>sum</strong></span> <span class='ocrx_word' id='word_1_312' title='bbox 2821 3699 2884 3750; x_wconf 84' lang='lat' dir='ltr'><strong>ad</strong></span> <span class='ocrx_word' id='word_1_313' title='bbox 2941 3697 3100 3750; x_wconf 80' lang='lat' dir='ltr'><strong>David</strong></span> <span class='ocrx_word' id='word_1_314' title='bbox 3148 3706 3352 3765; x_wconf 87' lang='lat' dir='ltr'><strong>patrem</strong></span> 
     </span>
    </p>
   </div>
   <div class='ocr_carea' id='block_1_44' title="bbox 147 3786 3355 3850">
    <p class='ocr_par' dir='ltr' id='par_1_44' title="bbox 147 3786 3355 3850">
     <span class='ocr_line' id='line_1_44' title="bbox 147 3786 3355 3850; baseline -0.002 -6"><span class='ocrx_word' id='word_1_315' title='bbox 147 3792 218 3844; x_wconf 86' lang='lat' dir='ltr'><strong>ad</strong></span> <span class='ocrx_word' id='word_1_316' title='bbox 256 3789 614 3843; x_wconf 72' lang='lat' dir='ltr'><strong>versandum</strong></span> <span class='ocrx_word' id='word_1_317' title='bbox 667 3789 722 3839; x_wconf 90' lang='lat' dir='ltr'><strong>in</strong></span> <span class='ocrx_word' id='word_1_318' title='bbox 759 3787 839 3838; x_wconf 88' lang='lat' dir='ltr'><strong>eis</strong></span> <span class='ocrx_word' id='word_1_319' title='bbox 866 3803 880 3849; x_wconf 90' lang='lat'><strong>;</strong></span> <span class='ocrx_word' id='word_1_320' title='bbox 941 3795 1170 3838; x_wconf 86' lang='lat' dir='ltr'><strong>statuam</strong></span> <span class='ocrx_word' id='word_1_321' title='bbox 1228 3800 1526 3838; x_wconf 88' lang='lat' dir='ltr'><strong>sermonem</strong></span> <span class='ocrx_word' id='word_1_322' title='bbox 1556 3801 1733 3839; x_wconf 77' lang='lat' dir='ltr'><strong>nicum</strong></span> <span class='ocrx_word' id='word_1_323' title='bbox 1845 3798 2016 3838; x_wconf 87' lang='lat' dir='ltr'><strong>tuum.</strong></span> <span class='ocrx_word' id='word_1_324' title='bbox 2048 3786 2112 3840; x_wconf 86' lang='lat' dir='ltr'><strong>Et</strong></span> <span class='ocrx_word' id='word_1_325' title='bbox 2145 3789 2394 3841; x_wconf 87' lang='lat' dir='ltr'><strong>habitabo</strong></span> <span class='ocrx_word' id='word_1_326' title='bbox 2427 3790 2477 3841; x_wconf 91' lang='lat' dir='ltr'><strong>in</strong></span> <span class='ocrx_word' id='word_1_327' title='bbox 2507 3789 2681 3841; x_wconf 85' lang='lat' dir='ltr'><strong>medio</strong></span> <span class='ocrx_word' id='word_1_328' title='bbox 2710 3789 2936 3840; x_wconf 89' lang='lat' dir='ltr'><strong>liliorum</strong></span> <span class='ocrx_word' id='word_1_329' title='bbox 2963 3786 3142 3850; x_wconf 82' lang='lat' dir='ltr'><strong>Israel,</strong></span> <span class='ocrx_word' id='word_1_330' title='bbox 3169 3799 3221 3839; x_wconf 87' lang='lat' dir='ltr'><strong>et</strong></span> <span class='ocrx_word' id='word_1_331' title='bbox 3251 3803 3355 3839; x_wconf 91' lang='lat' dir='ltr'><strong>non</strong></span> 
     </span>
    </p>
   </div>
   <div class='ocr_carea' id='block_1_45' title="bbox 144 3873 3356 3948">
    <p class='ocr_par' dir='ltr' id='par_1_45' title="bbox 144 3873 3356 3948">
     <span class='ocr_line' id='line_1_45' title="bbox 144 3873 3356 3948; baseline -0.001 -15"><span class='ocrx_word' id='word_1_332' title='bbox 144 3895 319 3948; x_wconf 88' lang='lat' dir='ltr'><strong>quem</strong></span> <span class='ocrx_word' id='word_1_333' title='bbox 362 3879 588 3932; x_wconf 86' lang='lat' dir='ltr'><strong>locutus</strong></span> <span class='ocrx_word' id='word_1_334' title='bbox 620 3891 742 3930; x_wconf 89' lang='lat' dir='ltr'><strong>sum</strong></span> <span class='ocrx_word' id='word_1_335' title='bbox 781 3875 844 3927; x_wconf 87' lang='lat' dir='ltr'><strong>ad</strong></span> <span class='ocrx_word' id='word_1_336' title='bbox 880 3874 1043 3927; x_wconf 87' lang='lat' dir='ltr'><strong>David</strong></span> <span class='ocrx_word' id='word_1_337' title='bbox 1085 3883 1285 3941; x_wconf 88' lang='lat' dir='ltr'><strong>patrem</strong></span> <span class='ocrx_word' id='word_1_338' title='bbox 1320 3881 1490 3925; x_wconf 92' lang='lat' dir='ltr'><strong>tuum.</strong></span> <span class='ocrx_word' id='word_1_339' title='bbox 1518 3873 1581 3926; x_wconf 85' lang='lat' dir='ltr'><strong>Et</strong></span> <span class='ocrx_word' id='word_1_340' title='bbox 1633 3876 1726 3928; x_wconf 80' lang='lat' dir='ltr'><strong>lia-</strong></span> <span class='ocrx_word' id='word_1_341' title='bbox 1839 3876 2202 3943; x_wconf 84' lang='lat' dir='ltr'><strong>derelinquam</strong></span> <span class='ocrx_word' id='word_1_342' title='bbox 2237 3879 2486 3946; x_wconf 88' lang='lat' dir='ltr'><strong>p0pulum</strong></span> <span class='ocrx_word' id='word_1_343' title='bbox 2527 3893 2700 3930; x_wconf 88' lang='lat' dir='ltr'><strong>meum</strong></span> <span class='ocrx_word' id='word_1_344' title='bbox 2728 3877 2906 3930; x_wconf 87' lang='lat' dir='ltr'><strong>Israel.</strong></span> <span class='ocrx_word' id='word_1_345' title='bbox 2937 3877 3102 3944; x_wconf 86' lang='lat' dir='ltr'><strong>Igitur</strong></span> <span class='ocrx_word' id='word_1_346' title='bbox 3121 3876 3356 3930; x_wconf 66' lang='lat' dir='ltr'><strong>aediﬁca-</strong></span> 
     </span>
    </p>
   </div>
   <div class='ocr_carea' id='block_1_46' title="bbox 148 3963 3145 4031">
    <p class='ocr_par' dir='ltr' id='par_1_46' title="bbox 148 3963 3145 4031">
     <span class='ocr_line' id='line_1_46' title="bbox 148 3963 3145 4031; baseline -0.001 -9"><span class='ocrx_word' id='word_1_347' title='bbox 148 3970 356 4022; x_wconf 79' lang='lat' dir='ltr'><strong>bitabo</strong></span> <span class='ocrx_word' id='word_1_348' title='bbox 396 3970 458 4020; x_wconf 89' lang='lat' dir='ltr'><strong>in</strong></span> <span class='ocrx_word' id='word_1_349' title='bbox 499 3967 686 4020; x_wconf 89' lang='lat' dir='ltr'><strong>medio</strong></span> <span class='ocrx_word' id='word_1_350' title='bbox 737 3966 969 4017; x_wconf 86' lang='lat' dir='ltr'><strong>ﬁliorum</strong></span> <span class='ocrx_word' id='word_1_351' title='bbox 1027 3963 1219 4026; x_wconf 87' lang='lat' dir='ltr'><strong>Israel,</strong></span> <span class='ocrx_word' id='word_1_352' title='bbox 1257 3972 1309 4015; x_wconf 91' lang='lat' dir='ltr'><strong>et</strong></span> <span class='ocrx_word' id='word_1_353' title='bbox 1343 3977 1444 4015; x_wconf 90' lang='lat' dir='ltr'><strong>non</strong></span> <span class='ocrx_word' id='word_1_354' title='bbox 1504 3964 1732 4017; x_wconf 84' lang='lat' dir='ltr'><strong>derelin-</strong></span> <span class='ocrx_word' id='word_1_355' title='bbox 1846 3965 1924 4018; x_wconf 85' lang='lat' dir='ltr'><strong>vit</strong></span> <span class='ocrx_word' id='word_1_356' title='bbox 1958 3965 2209 4022; x_wconf 84' lang='lat' dir='ltr'><strong>Salomon</strong></span> <span class='ocrx_word' id='word_1_357' title='bbox 2238 3969 2475 4031; x_wconf 88' lang='lat' dir='ltr'><strong>doumm,</strong></span> <span class='ocrx_word' id='word_1_358' title='bbox 2515 3978 2567 4022; x_wconf 91' lang='lat' dir='ltr'><strong>et</strong></span> <span class='ocrx_word' id='word_1_359' title='bbox 2590 3967 2976 4022; x_wconf 88' lang='lat' dir='ltr'><strong>consummavit</strong></span> <span class='ocrx_word' id='word_1_360' title='bbox 3007 3981 3145 4020; x_wconf 87' lang='lat' dir='ltr'><strong>eam.</strong></span> 
     </span>
    </p>
   </div>
   <div class='ocr_carea' id='block_1_47' title="bbox 146 4051 2932 4129">
    <p class='ocr_par' dir='ltr' id='par_1_47' title="bbox 146 4051 2932 4129">
     <span class='ocr_line' id='line_1_47' title="bbox 146 4051 2932 4129; baseline -0.005 -16"><span class='ocrx_word' id='word_1_361' title='bbox 146 4074 323 4129; x_wconf 82' lang='lat' dir='ltr'><strong>quam</strong></span> <span class='ocrx_word' id='word_1_362' title='bbox 389 4058 663 4127; x_wconf 78' lang='lat' dir='ltr'><strong>papulqu</strong></span> <span class='ocrx_word' id='word_1_363' title='bbox 701 4070 880 4108; x_wconf 91' lang='lat' dir='ltr'><strong>meum</strong></span> <span class='ocrx_word' id='word_1_364' title='bbox 921 4053 1104 4108; x_wconf 86' lang='lat' dir='ltr'><strong>Israel.</strong></span> <span class='ocrx_word' id='word_1_365' title='bbox 1139 4051 1204 4106; x_wconf 87' lang='lat' dir='ltr'><strong>Et</strong></span> <span class='ocrx_word' id='word_1_366' title='bbox 1235 4051 1512 4106; x_wconf 66' lang='lat' dir='ltr'><strong>aediﬁcavit</strong></span> <span class='ocrx_word' id='word_1_367' title='bbox 1560 4051 1711 4106; x_wconf 88' lang='lat' dir='ltr'><strong>Salo—</strong></span> <span class='ocrx_word' id='word_1_368' title='bbox 2927 4053 2932 4058; x_wconf 84' lang='lat'>&#39;</span> 
     </span>
    </p>
   </div>
   <div class='ocr_carea' id='block_1_48' title="bbox 222 4205 3357 4279">
    <p class='ocr_par' dir='ltr' id='par_1_48' title="bbox 222 4205 3357 4279">
     <span class='ocr_line' id='line_1_48' title="bbox 222 4205 3357 4279; baseline -0.003 -10"><span class='ocrx_word' id='word_1_369' title='bbox 222 4216 319 4269; x_wconf 68' lang='lat'><strong>£5.</strong></span> <span class='ocrx_word' id='word_1_370' title='bbox 356 4213 438 4267; x_wconf 86' lang='grc' dir='ltr'><strong>Η.</strong></span> <span class='ocrx_word' id='word_1_371' title='bbox 476 4208 938 4279; x_wconf 82' lang='lat' dir='ltr'><strong>Contignationis.</strong></span> <span class='ocrx_word' id='word_1_372' title='bbox 966 4206 1031 4259; x_wconf 85' lang='grc' dir='ltr'><strong>Α.</strong></span> <span class='ocrx_word' id='word_1_373' title='bbox 1058 4206 1116 4260; x_wconf 95' lang='grc'><strong>8.</strong></span> <span class='ocrx_word' id='word_1_374' title='bbox 1148 4205 1242 4261; x_wconf 86' lang='grc' dir='ltr'><strong>ΤΙι.</strong></span> <span class='ocrx_word' id='word_1_375' title='bbox 1273 4222 1441 4276; x_wconf 90' lang='lat' dir='ltr'><strong>usque</strong></span> <span class='ocrx_word' id='word_1_376' title='bbox 1488 4207 1552 4260; x_wconf 87' lang='lat' dir='ltr'><strong>ad</strong></span> <span class='ocrx_word' id='word_1_377' title='bbox 1594 4207 1830 4261; x_wconf 82' lang='lat' dir='ltr'><strong>domum.</strong></span> <span class='ocrx_word' id='word_1_378' title='bbox 1862 4207 2028 4261; x_wconf 80' lang='lat' dir='ltr'><strong>LXX.</strong></span> <span class='ocrx_word' id='word_1_379' title='bbox 2063 4225 2230 4278; x_wconf 89' lang='lat' dir='ltr'><strong>usque</strong></span> <span class='ocrx_word' id='word_1_380' title='bbox 2255 4208 2317 4262; x_wconf 91' lang='lat' dir='ltr'><strong>ad</strong></span> <span class='ocrx_word' id='word_1_381' title='bbox 2355 4209 2547 4263; x_wconf 84' lang='lat' dir='ltr'><strong>trabes.</strong></span> <span class='ocrx_word' id='word_1_382' title='bbox 2588 4208 2738 4279; x_wconf 83' lang='lat' dir='ltr'><strong>Vulg.</strong></span> <span class='ocrx_word' id='word_1_383' title='bbox 2767 4225 2934 4278; x_wconf 89' lang='lat' dir='ltr'><strong>usque</strong></span> <span class='ocrx_word' id='word_1_384' title='bbox 2966 4209 3031 4261; x_wconf 87' lang='lat' dir='ltr'><strong>ad</strong></span> <span class='ocrx_word' id='word_1_385' title='bbox 3063 4207 3357 4276; x_wconf 84' lang='lat' dir='ltr'><strong>laquearia.</strong></span> 
     </span>
    </p>
   </div>
   <div class='ocr_carea' id='block_1_49' title="bbox 149 4315 3358 4382">
    <p class='ocr_par' dir='ltr' id='par_1_49' title="bbox 149 4315 3358 4382">
     <span class='ocr_line' id='line_1_49' title="bbox 149 4315 3358 4382; baseline -0.004 -2"><span class='ocrx_word' id='word_1_386' title='bbox 149 4329 413 4382; x_wconf 85' lang='lat' dir='ltr'><strong>ctitatem</strong></span> <span class='ocrx_word' id='word_1_387' title='bbox 447 4324 828 4378; x_wconf 82' lang='lat' dir='ltr'><strong>sanctitatum.</strong></span> <span class='ocrx_word' id='word_1_388' title='bbox 865 4321 928 4372; x_wconf 85' lang='grc' dir='ltr'><strong>Α.</strong></span> <span class='ocrx_word' id='word_1_389' title='bbox 964 4318 1024 4372; x_wconf 92' lang='grc'><strong>8.</strong></span> <span class='ocrx_word' id='word_1_390' title='bbox 1051 4317 1114 4370; x_wconf 83' lang='grc' dir='ltr'><strong>Ει</strong></span> <span class='ocrx_word' id='word_1_391' title='bbox 1140 4316 1421 4371; x_wconf 64' lang='lat' dir='ltr'><strong>aediﬁcavit</strong></span> <span class='ocrx_word' id='word_1_392' title='bbox 1449 4316 1549 4369; x_wconf 90' lang='lat' dir='ltr'><strong>sibi</strong></span> <span class='ocrx_word' id='word_1_393' title='bbox 1591 4316 1730 4369; x_wconf 89' lang='lat' dir='ltr'><strong>intra</strong></span> <span class='ocrx_word' id='word_1_394' title='bbox 1839 4316 1964 4370; x_wconf 79' lang='lat' dir='ltr'><strong>fecit</strong></span> <span class='ocrx_word' id='word_1_395' title='bbox 1985 4334 2014 4370; x_wconf 87' lang='lat' dir='ltr'><strong>a</strong></span> <span class='ocrx_word' id='word_1_396' title='bbox 2042 4317 2204 4370; x_wconf 89' lang='lat' dir='ltr'><strong>Dabir</strong></span> <span class='ocrx_word' id='word_1_397' title='bbox 2227 4318 2278 4370; x_wconf 88' lang='lat' dir='ltr'><strong>in</strong></span> <span class='ocrx_word' id='word_1_398' title='bbox 2304 4325 2546 4371; x_wconf 87' lang='lat' dir='ltr'><strong>sanctum</strong></span> <span class='ocrx_word' id='word_1_399' title='bbox 2573 4327 2900 4371; x_wconf 84' lang='lat' dir='ltr'><strong>sanctorum.</strong></span> <span class='ocrx_word' id='word_1_400' title='bbox 2923 4316 3016 4370; x_wconf 83' lang='lat' dir='ltr'><strong>Th.</strong></span> <span class='ocrx_word' id='word_1_401' title='bbox 3038 4315 3098 4368; x_wconf 88' lang='lat' dir='ltr'><strong>Et</strong></span> <span class='ocrx_word' id='word_1_402' title='bbox 3116 4316 3237 4370; x_wconf 77' lang='lat' dir='ltr'><strong>fecit</strong></span> <span class='ocrx_word' id='word_1_403' title='bbox 3258 4315 3358 4368; x_wconf 88' lang='lat' dir='ltr'><strong>sibi</strong></span> 
     </span>
    </p>
   </div>
   <div class='ocr_carea' id='block_1_50' title="bbox 149 4403 3361 4481">
    <p class='ocr_par' dir='ltr' id='par_1_50' title="bbox 149 4403 3361 4481">
     <span class='ocr_line' id='line_1_50' title="bbox 149 4403 3361 4481; baseline -0.005 -10"><span class='ocrx_word' id='word_1_404' title='bbox 149 4417 457 4472; x_wconf 81' lang='lat' dir='ltr'><strong>oraculum</strong></span> <span class='ocrx_word' id='word_1_405' title='bbox 513 4413 600 4481; x_wconf 90' lang='lat' dir='ltr'><strong>(S.</strong></span> <span class='ocrx_word' id='word_1_406' title='bbox 660 4413 891 4464; x_wconf 87' lang='lat' dir='ltr'><strong>interius</strong></span> <span class='ocrx_word' id='word_1_407' title='bbox 945 4406 1173 4477; x_wconf 89' lang='lat' dir='ltr'><strong>oraculi)</strong></span> <span class='ocrx_word' id='word_1_408' title='bbox 1250 4407 1560 4477; x_wconf 78' lang='lat' dir='ltr'><strong>sanctiﬁcati</strong></span> <span class='ocrx_word' id='word_1_409' title='bbox 1611 4421 1736 4458; x_wconf 78' lang='lat' dir='ltr'><strong>san-</strong></span> <span class='ocrx_word' id='word_1_410' title='bbox 1841 4408 1976 4460; x_wconf 74' lang='lat' dir='ltr'><strong>intra</strong></span> <span class='ocrx_word' id='word_1_411' title='bbox 2001 4407 2157 4460; x_wconf 89' lang='lat' dir='ltr'><strong>Dabir</strong></span> <span class='ocrx_word' id='word_1_412' title='bbox 2184 4410 2234 4460; x_wconf 94' lang='lat' dir='ltr'><strong>in</strong></span> <span class='ocrx_word' id='word_1_413' title='bbox 2281 4417 2522 4462; x_wconf 88' lang='lat' dir='ltr'><strong>sanctum</strong></span> <span class='ocrx_word' id='word_1_414' title='bbox 2566 4417 2890 4460; x_wconf 90' lang='lat' dir='ltr'><strong>sanctorum.</strong></span> <span class='ocrx_word' id='word_1_415' title='bbox 2945 4406 3092 4474; x_wconf 78' lang='lat' dir='ltr'><strong>Vulg.</strong></span> <span class='ocrx_word' id='word_1_416' title='bbox 3130 4404 3192 4456; x_wconf 88' lang='lat' dir='ltr'><strong>Et</strong></span> <span class='ocrx_word' id='word_1_417' title='bbox 3235 4403 3361 4456; x_wconf 83' lang='lat' dir='ltr'><strong>fecit</strong></span> 
     </span>
    </p>
   </div>
   <div class='ocr_carea' id='block_1_51' title="bbox 153 4493 3355 4570">
    <p class='ocr_par' dir='ltr' id='par_1_51' title="bbox 153 4493 3355 4570">
     <span class='ocr_line' id='line_1_51' title="bbox 153 4493 3355 4570; baseline -0.005 -10"><span class='ocrx_word' id='word_1_418' title='bbox 153 4507 565 4560; x_wconf 80' lang='lat' dir='ltr'><strong>ctiﬁcatorum.</strong></span> <span class='ocrx_word' id='word_1_419' title='bbox 618 4497 702 4570; x_wconf 90' lang='lat' dir='ltr'><strong>(S.</strong></span> <span class='ocrx_word' id='word_1_420' title='bbox 735 4498 793 4551; x_wconf 90' lang='lat' dir='ltr'><strong>In</strong></span> <span class='ocrx_word' id='word_1_421' title='bbox 820 4505 1065 4553; x_wconf 87' lang='lat' dir='ltr'><strong>sanctum</strong></span> <span class='ocrx_word' id='word_1_422' title='bbox 1093 4496 1444 4566; x_wconf 89' lang='lat' dir='ltr'><strong>sanctorum).</strong></span> <span class='ocrx_word' id='word_1_423' title='bbox 1473 4494 1637 4547; x_wconf 82' lang='lat' dir='ltr'><strong>LXX.</strong></span> <span class='ocrx_word' id='word_1_424' title='bbox 1663 4493 1727 4548; x_wconf 83' lang='lat' dir='ltr'><strong>Et</strong></span> <span class='ocrx_word' id='word_1_425' title='bbox 1843 4497 2145 4549; x_wconf 89' lang='lat' dir='ltr'><strong>interiorem</strong></span> <span class='ocrx_word' id='word_1_426' title='bbox 2172 4497 2388 4550; x_wconf 89' lang='lat' dir='ltr'><strong>domum</strong></span> <span class='ocrx_word' id='word_1_427' title='bbox 2433 4497 2634 4550; x_wconf 88' lang='lat' dir='ltr'><strong>oraculi</strong></span> <span class='ocrx_word' id='word_1_428' title='bbox 2669 4497 2723 4548; x_wconf 92' lang='lat' dir='ltr'><strong>in</strong></span> <span class='ocrx_word' id='word_1_429' title='bbox 2751 4505 2992 4550; x_wconf 86' lang='lat' dir='ltr'><strong>sanctum</strong></span> <span class='ocrx_word' id='word_1_430' title='bbox 3029 4504 3355 4547; x_wconf 87' lang='lat' dir='ltr'><strong>sanctorum.</strong></span> 
     </span>
    </p>
   </div>
   <div class='ocr_carea' id='block_1_52' title="bbox 149 4689 1683 4780">
    <p class='ocr_par' dir='ltr' id='par_1_52' title="bbox 149 4701 1680 4780">
     <span class='ocr_line' id='line_1_52' title="bbox 149 4701 1680 4780; baseline -0.011 -11"><span class='ocrx_word' id='word_1_431' title='bbox 149 4732 278 4768; x_wconf 79' lang='grc' dir='ltr'>κοσι</span> <span class='ocrx_word' id='word_1_432' title='bbox 311 4711 517 4780; x_wconf 79' lang='grc' dir='ltr'>πηχῶν</span> <span class='ocrx_word' id='word_1_433' title='bbox 562 4708 756 4778; x_wconf 80' lang='grc' dir='ltr'><strong>μῆκος,</strong></span> <span class='ocrx_word' id='word_1_434' title='bbox 810 4706 902 4758; x_wconf 74' lang='grc' dir='ltr'><strong>καὶ</strong></span> <span class='ocrx_word' id='word_1_435' title='bbox 953 4703 1122 4756; x_wconf 77' lang='grc' dir='ltr'>εἴκοσι</span> <span class='ocrx_word' id='word_1_436' title='bbox 1179 4701 1364 4771; x_wconf 85' lang='grc' dir='ltr'><strong>πηχῶν</strong></span> <span class='ocrx_word' id='word_1_437' title='bbox 1395 4703 1608 4764; x_wconf 84' lang='grc' dir='ltr'>πλάτος,</span> <span class='ocrx_word' id='word_1_438' title='bbox 1648 4719 1680 4752; x_wconf 88' lang='grc' dir='ltr'><strong>κ</strong></span> 
     </span>
    </p>
   </div>
   <div class='ocr_carea' id='block_1_53' title="bbox 1821 4689 3355 4780">
    <p class='ocr_par' dir='ltr' id='par_1_53' title="bbox 1845 4689 3355 4760">
     <span class='ocr_line' id='line_1_53' title="bbox 1845 4689 3355 4760; baseline -0.005 -10"><span class='ocrx_word' id='word_1_439' title='bbox 1845 4706 2010 4750; x_wconf 89' lang='lat' dir='ltr'><strong>retur.</strong></span> <span class='ocrx_word' id='word_1_440' title='bbox 2047 4694 2111 4747; x_wconf 88' lang='lat' dir='ltr'><strong>Et</strong></span> <span class='ocrx_word' id='word_1_441' title='bbox 2159 4695 2432 4747; x_wconf 85' lang='lat' dir='ltr'><strong>oraculum</strong></span> <span class='ocrx_word' id='word_1_442' title='bbox 2467 4695 2519 4746; x_wconf 89' lang='lat' dir='ltr'><strong>in</strong></span> <span class='ocrx_word' id='word_1_443' title='bbox 2572 4691 2746 4746; x_wconf 90' lang='lat' dir='ltr'><strong>medio</strong></span> <span class='ocrx_word' id='word_1_444' title='bbox 2799 4691 2989 4744; x_wconf 88' lang='lat' dir='ltr'><strong>domus</strong></span> <span class='ocrx_word' id='word_1_445' title='bbox 3030 4689 3355 4760; x_wconf 81' lang='lat' dir='ltr'><strong>intrinsecus</strong></span> 
     </span>
    </p>
   </div>
   <div class='ocr_carea' id='block_1_54' title="bbox 150 4776 1684 4869">
    <p class='ocr_par' dir='ltr' id='par_1_54' title="bbox 150 4776 1684 4869">
     <span class='ocr_line' id='line_1_54' title="bbox 150 4776 1684 4869; baseline -0.011 -12"><span class='ocrx_word' id='word_1_446' title='bbox 150 4785 342 4857; x_wconf 57' lang='grc' dir='ltr'>εἴκοσί</span> <span class='ocrx_word' id='word_1_447' title='bbox 649 4795 938 4863; x_wconf 81' lang='grc' dir='ltr'>ἀνάστημα</span> <span class='ocrx_word' id='word_1_448' title='bbox 993 4793 1176 4853; x_wconf 78' lang='grc' dir='ltr'><strong>αὐτοῦ,</strong></span> <span class='ocrx_word' id='word_1_449' title='bbox 1237 4791 1328 4842; x_wconf 75' lang='grc' dir='ltr'>καὶ</span> <span class='ocrx_word' id='word_1_450' title='bbox 1365 4790 1684 4860; x_wconf 77' lang='grc' dir='ltr'>περιεπήλισ</span> 
     </span>
    </p>
   </div>
   <div class='ocr_carea' id='block_1_55' title="bbox 1830 4776 3364 4869">
    <p class='ocr_par' dir='ltr' id='par_1_55' title="bbox 1845 4776 3364 4855">
     <span class='ocr_line' id='line_1_55' title="bbox 1845 4776 3364 4855; baseline -0.006 -16"><span class='ocrx_word' id='word_1_451' title='bbox 1845 4785 2072 4855; x_wconf 88' lang='lat' dir='ltr'><strong>paravit,</strong></span> <span class='ocrx_word' id='word_1_452' title='bbox 2103 4785 2166 4836; x_wconf 89' lang='lat' dir='ltr'><strong>ad</strong></span> <span class='ocrx_word' id='word_1_453' title='bbox 2191 4783 2417 4837; x_wconf 88' lang='lat' dir='ltr'><strong>dandam</strong></span> <span class='ocrx_word' id='word_1_454' title='bbox 2456 4783 2525 4834; x_wconf 90' lang='lat' dir='ltr'><strong>ibi</strong></span> <span class='ocrx_word' id='word_1_455' title='bbox 2573 4797 2748 4834; x_wconf 88' lang='lat' dir='ltr'><strong>arcam</strong></span> <span class='ocrx_word' id='word_1_456' title='bbox 2795 4779 3009 4833; x_wconf 75' lang='lat' dir='ltr'><strong>fcederis</strong></span> <span class='ocrx_word' id='word_1_457' title='bbox 3038 4778 3262 4830; x_wconf 85' lang='lat' dir='ltr'><strong>Domini.</strong></span> <span class='ocrx_word' id='word_1_458' title='bbox 3299 4776 3364 4830; x_wconf 88' lang='lat' dir='ltr'><strong>Et</strong></span> 
     </span>
    </p>
   </div>
   <div class='ocr_carea' id='block_1_56' title="bbox 152 4868 1686 4960">
    <p class='ocr_par' dir='ltr' id='par_1_56' title="bbox 152 4868 1686 4960">
     <span class='ocr_line' id='line_1_56' title="bbox 152 4868 1686 4960; baseline -0.012 -16"><span class='ocrx_word' id='word_1_459' title='bbox 152 4893 296 4944; x_wconf 68' lang='grc' dir='ltr'><strong>αὑτὸ</strong></span> <span class='ocrx_word' id='word_1_460' title='bbox 327 4868 548 4960; x_wconf 80' lang='grc' dir='ltr'>χρυσίῳ</span> <span class='ocrx_word' id='word_1_461' title='bbox 581 4883 942 4950; x_wconf 80' lang='grc' dir='ltr'>ἁποκλείστῳ.</span> <span class='ocrx_word' id='word_1_462' title='bbox 988 4881 1044 4930; x_wconf 90' lang='grc' dir='ltr'><strong>Σ.</strong></span> <span class='ocrx_word' id='word_1_463' title='bbox 1102 4879 1154 4947; x_wconf 83' lang='grc' dir='ltr'><strong>μ’</strong></span> <span class='ocrx_word' id='word_1_464' title='bbox 1184 4877 1368 4946; x_wconf 82' lang='grc' dir='ltr'>πηχῶν</span> <span class='ocrx_word' id='word_1_465' title='bbox 1411 4875 1476 4948; x_wconf 78' lang='grc' dir='ltr'>ἦν</span> <span class='ocrx_word' id='word_1_466' title='bbox 1525 4879 1553 4927; x_wconf 73' lang='grc' dir='ltr'><strong>ὁ</strong></span> <span class='ocrx_word' id='word_1_467' title='bbox 1599 4874 1686 4927; x_wconf 63' lang='grc' dir='ltr'>οἷκι</span> 
     </span>
    </p>
   </div>
   <div class='ocr_carea' id='block_1_57' title="bbox 1825 4868 3359 4960">
    <p class='ocr_par' dir='ltr' id='par_1_57' title="bbox 1845 4868 3359 4938">
     <span class='ocr_line' id='line_1_57' title="bbox 1845 4868 3359 4938; baseline -0.006 -9"><span class='ocrx_word' id='word_1_468' title='bbox 1845 4876 1909 4929; x_wconf 88' lang='lat' dir='ltr'><strong>ad</strong></span> <span class='ocrx_word' id='word_1_469' title='bbox 1957 4874 2143 4927; x_wconf 79' lang='lat' dir='ltr'><strong>faciem</strong></span> <span class='ocrx_word' id='word_1_470' title='bbox 2178 4874 2380 4927; x_wconf 85' lang='lat' dir='ltr'><strong>oraculi</strong></span> <span class='ocrx_word' id='word_1_471' title='bbox 2412 4872 2596 4938; x_wconf 78' lang='lat' dir='ltr'><strong>viginti</strong></span> <span class='ocrx_word' id='word_1_472' title='bbox 2645 4871 2942 4923; x_wconf 91' lang='lat' dir='ltr'><strong>cubitorum</strong></span> <span class='ocrx_word' id='word_1_473' title='bbox 2982 4868 3276 4936; x_wconf 83' lang='lat' dir='ltr'><strong>longitudo,</strong></span> <span class='ocrx_word' id='word_1_474' title='bbox 3306 4877 3359 4920; x_wconf 88' lang='lat' dir='ltr'><strong>et</strong></span> 
     </span>
    </p>
   </div>
   <div class='ocr_carea' id='block_1_58' title="bbox 154 4954 1688 5042">
    <p class='ocr_par' dir='ltr' id='par_1_58' title="bbox 154 4954 1688 5042">
     <span class='ocr_line' id='line_1_58' title="bbox 154 4954 1688 5042; baseline -0.014 -8"><span class='ocrx_word' id='word_1_475' title='bbox 154 4954 388 5042; x_wconf 45' lang='lat' dir='ltr'><strong>witha-no</strong></span> <span class='ocrx_word' id='word_1_476' title='bbox 413 4954 548 5037; x_wconf 60' lang='grc' dir='ltr'>ναὸξ</span> <span class='ocrx_word' id='word_1_477' title='bbox 584 4977 614 5026; x_wconf 83' lang='grc' dir='ltr'><em>ὁ</em></span> <span class='ocrx_word' id='word_1_478' title='bbox 639 4972 930 5031; x_wconf 77' lang='grc' dir='ltr'><strong>ὲσώτατος,</strong></span> <span class='ocrx_word' id='word_1_479' title='bbox 983 4969 1077 5020; x_wconf 74' lang='grc' dir='ltr'><strong>καὶ</strong></span> <span class='ocrx_word' id='word_1_480' title='bbox 1114 4966 1200 5018; x_wconf 84' lang='grc' dir='ltr'><strong>διὰ</strong></span> <span class='ocrx_word' id='word_1_481' title='bbox 1232 4966 1416 5034; x_wconf 77' lang='grc' dir='ltr'>κέδρου</span> <span class='ocrx_word' id='word_1_482' title='bbox 1468 4965 1597 5034; x_wconf 75' lang='grc' dir='ltr'>πρὸς</span> <span class='ocrx_word' id='word_1_483' title='bbox 1651 4965 1688 5015; x_wconf 72' lang='grc' dir='ltr'><strong>τί</strong></span> 
     </span>
    </p>
   </div>
   <div class='ocr_carea' id='block_1_59' title="bbox 1831 4954 3365 5042">
    <p class='ocr_par' dir='ltr' id='par_1_59' title="bbox 1844 4954 3365 5030">
     <span class='ocr_line' id='line_1_59' title="bbox 1844 4954 3365 5030; baseline -0.006 -15"><span class='ocrx_word' id='word_1_484' title='bbox 1844 4961 2026 5030; x_wconf 81' lang='lat' dir='ltr'><strong>viginti</strong></span> <span class='ocrx_word' id='word_1_485' title='bbox 2051 4961 2352 5014; x_wconf 89' lang='lat' dir='ltr'><strong>cubitorum</strong></span> <span class='ocrx_word' id='word_1_486' title='bbox 2379 4959 2621 5018; x_wconf 84' lang='lat' dir='ltr'><strong>latitudo,</strong></span> <span class='ocrx_word' id='word_1_487' title='bbox 2653 4967 2706 5009; x_wconf 85' lang='lat' dir='ltr'><strong>et</strong></span> <span class='ocrx_word' id='word_1_488' title='bbox 2732 4955 2911 5024; x_wconf 81' lang='lat' dir='ltr'><strong>viginti</strong></span> <span class='ocrx_word' id='word_1_489' title='bbox 2949 4955 3246 5008; x_wconf 89' lang='lat' dir='ltr'><strong>cubitorum</strong></span> <span class='ocrx_word' id='word_1_490' title='bbox 3293 4954 3365 5006; x_wconf 88' lang='lat' dir='ltr'><strong>al-</strong></span> 
     </span>
    </p>
   </div>
   <div class='ocr_carea' id='block_1_60' title="bbox 153 5039 1687 5131">
    <p class='ocr_par' dir='ltr' id='par_1_60' title="bbox 153 5055 1687 5131">
     <span class='ocr_line' id='line_1_60' title="bbox 153 5055 1687 5131; baseline -0.011 -9"><span class='ocrx_word' id='word_1_491' title='bbox 153 5067 313 5122; x_wconf 72' lang='grc' dir='ltr'>οἷκον</span> <span class='ocrx_word' id='word_1_492' title='bbox 353 5068 468 5119; x_wconf 75' lang='grc' dir='ltr'><strong>ἔσω</strong></span> <span class='ocrx_word' id='word_1_493' title='bbox 503 5062 740 5131; x_wconf 84' lang='grc' dir='ltr'>πλοκὴν,</span> <span class='ocrx_word' id='word_1_494' title='bbox 772 5059 1138 5116; x_wconf 73' lang='grc' dir='ltr'>ἐπανάστασις</span> <span class='ocrx_word' id='word_1_495' title='bbox 1160 5056 1247 5107; x_wconf 82' lang='grc' dir='ltr'><strong>καὶ</strong></span> <span class='ocrx_word' id='word_1_496' title='bbox 1267 5055 1470 5107; x_wconf 80' lang='grc' dir='ltr'>πέταλα</span> <span class='ocrx_word' id='word_1_497' title='bbox 1491 5055 1580 5106; x_wconf 70' lang='grc' dir='ltr'><strong>καὶ</strong></span> <span class='ocrx_word' id='word_1_498' title='bbox 1615 5055 1687 5106; x_wconf 69' lang='grc' dir='ltr'><strong>ἀνε</strong></span> 
     </span>
    </p>
   </div>
   <div class='ocr_carea' id='block_1_61' title="bbox 1830 5039 3364 5131">
    <p class='ocr_par' dir='ltr' id='par_1_61' title="bbox 1843 5039 3364 5115">
     <span class='ocr_line' id='line_1_61' title="bbox 1843 5039 3364 5115; baseline -0.005 -13"><span class='ocrx_word' id='word_1_499' title='bbox 1843 5049 2014 5103; x_wconf 90' lang='lat' dir='ltr'><strong>titudo</strong></span> <span class='ocrx_word' id='word_1_500' title='bbox 2043 5047 2158 5115; x_wconf 88' lang='lat' dir='ltr'><strong>ejus</strong></span> <span class='ocrx_word' id='word_1_501' title='bbox 2184 5064 2196 5098; x_wconf 93' lang='lat'><strong>:</strong></span> <span class='ocrx_word' id='word_1_502' title='bbox 2238 5055 2289 5099; x_wconf 92' lang='lat' dir='ltr'><strong>et</strong></span> <span class='ocrx_word' id='word_1_503' title='bbox 2320 5045 2542 5098; x_wconf 81' lang='lat' dir='ltr'><strong>obduxit</strong></span> <span class='ocrx_word' id='word_1_504' title='bbox 2566 5045 2693 5096; x_wconf 89' lang='lat' dir='ltr'><strong>illud</strong></span> <span class='ocrx_word' id='word_1_505' title='bbox 2723 5059 2855 5095; x_wconf 90' lang='lat' dir='ltr'><strong>auro</strong></span> <span class='ocrx_word' id='word_1_506' title='bbox 2883 5042 3106 5095; x_wconf 90' lang='lat' dir='ltr'><strong>incluso.</strong></span> <span class='ocrx_word' id='word_1_507' title='bbox 3137 5039 3193 5093; x_wconf 91' lang='grc'><strong>8.</strong></span> <span class='ocrx_word' id='word_1_508' title='bbox 3220 5039 3364 5104; x_wconf 86' lang='lat' dir='ltr'><strong>Qua-</strong></span> 
     </span>
    </p>
   </div>
   <div class='ocr_carea' id='block_1_62' title="bbox 158 5131 1692 5226">
    <p class='ocr_par' dir='ltr' id='par_1_62' title="bbox 158 5143 1692 5226">
     <span class='ocr_line' id='line_1_62' title="bbox 158 5143 1692 5226; baseline -0.011 -15"><span class='ocrx_word' id='word_1_509' title='bbox 158 5160 352 5226; x_wconf 68' lang='grc' dir='ltr'>τλυφα</span> <span class='ocrx_word' id='word_1_510' title='bbox 385 5157 576 5208; x_wconf 78' lang='grc' dir='ltr'>πάντα</span> <span class='ocrx_word' id='word_1_511' title='bbox 610 5150 855 5224; x_wconf 54' lang='grc' dir='ltr'>κέδρινα,</span> <span class='ocrx_word' id='word_1_512' title='bbox 882 5149 979 5199; x_wconf 75' lang='grc' dir='ltr'>οὐκ</span> <span class='ocrx_word' id='word_1_513' title='bbox 1002 5145 1242 5213; x_wconf 78' lang='grc' dir='ltr'>ἐφαίνετο</span> <span class='ocrx_word' id='word_1_514' title='bbox 1270 5143 1418 5206; x_wconf 81' lang='grc' dir='ltr'>λίθος</span> <span class='ocrx_word' id='word_1_515' title='bbox 1439 5159 1453 5173; x_wconf 75' lang='grc' dir='ltr'><strong>ο</strong></span> <span class='ocrx_word' id='word_1_516' title='bbox 1491 5146 1580 5196; x_wconf 69' lang='grc' dir='ltr'>καὶ</span> <span class='ocrx_word' id='word_1_517' title='bbox 1615 5161 1692 5212; x_wconf 62' lang='grc' dir='ltr'><strong>χρη</strong></span> 
     </span>
    </p>
   </div>
   <div class='ocr_carea' id='block_1_63' title="bbox 1828 5131 3362 5226">
    <p class='ocr_par' dir='ltr' id='par_1_63' title="bbox 1844 5131 3362 5207">
     <span class='ocr_line' id='line_1_63' title="bbox 1844 5131 3362 5207; baseline -0.007 -16"><span class='ocrx_word' id='word_1_518' title='bbox 1844 5138 2086 5207; x_wconf 88' lang='lat' dir='ltr'><strong>draginla</strong></span> <span class='ocrx_word' id='word_1_519' title='bbox 2114 5136 2415 5190; x_wconf 89' lang='lat' dir='ltr'><strong>cubitorum</strong></span> <span class='ocrx_word' id='word_1_520' title='bbox 2444 5143 2557 5186; x_wconf 87' lang='lat' dir='ltr'><strong>erat</strong></span> <span class='ocrx_word' id='word_1_521' title='bbox 2578 5134 2768 5186; x_wconf 90' lang='lat' dir='ltr'><strong>domus</strong></span> <span class='ocrx_word' id='word_1_522' title='bbox 2794 5133 2965 5199; x_wconf 88' lang='lat' dir='ltr'><strong>ipsum</strong></span> <span class='ocrx_word' id='word_1_523' title='bbox 2997 5131 3249 5196; x_wconf 88' lang='lat' dir='ltr'><strong>templum</strong></span> <span class='ocrx_word' id='word_1_524' title='bbox 3280 5131 3362 5181; x_wconf 89' lang='lat' dir='ltr'><strong>in-</strong></span> 
     </span>
    </p>
   </div>
   <div class='ocr_carea' id='block_1_64' title="bbox 159 5220 1693 5316">
    <p class='ocr_par' dir='ltr' id='par_1_64' title="bbox 159 5231 1693 5316">
     <span class='ocr_line' id='line_1_64' title="bbox 159 5231 1693 5316; baseline -0.01 -17"><span class='ocrx_word' id='word_1_525' title='bbox 159 5248 542 5316; x_wconf 77' lang='grc' dir='ltr'><strong>ματιστήριον</strong></span> <span class='ocrx_word' id='word_1_526' title='bbox 573 5243 634 5291; x_wconf 82' lang='grc' dir='ltr'>ἐν</span> <span class='ocrx_word' id='word_1_527' title='bbox 670 5238 820 5307; x_wconf 84' lang='grc' dir='ltr'>μέσῳ</span> <span class='ocrx_word' id='word_1_528' title='bbox 841 5236 933 5287; x_wconf 82' lang='grc' dir='ltr'><strong>τοῦ</strong></span> <span class='ocrx_word' id='word_1_529' title='bbox 960 5234 1107 5286; x_wconf 78' lang='grc' dir='ltr'>οἴκου</span> <span class='ocrx_word' id='word_1_530' title='bbox 1137 5231 1232 5282; x_wconf 76' lang='grc' dir='ltr'><strong>ἔσω</strong></span> <span class='ocrx_word' id='word_1_531' title='bbox 1255 5233 1570 5300; x_wconf 78' lang='grc' dir='ltr'>ἡτοίμασεν,</span> <span class='ocrx_word' id='word_1_532' title='bbox 1609 5232 1693 5284; x_wconf 83' lang='grc' dir='ltr'>ὥσ</span> 
     </span>
    </p>
   </div>
   <div class='ocr_carea' id='block_1_65' title="bbox 1831 5220 3365 5316">
    <p class='ocr_par' dir='ltr' id='par_1_65' title="bbox 1843 5220 3365 5288">
     <span class='ocr_line' id='line_1_65' title="bbox 1843 5220 3365 5288; baseline -0.007 -8"><span class='ocrx_word' id='word_1_533' title='bbox 1843 5229 2030 5280; x_wconf 91' lang='lat' dir='ltr'><strong>timum</strong></span> <span class='ocrx_word' id='word_1_534' title='bbox 2060 5235 2155 5280; x_wconf 81' lang='lat' dir='ltr'><strong>:et</strong></span> <span class='ocrx_word' id='word_1_535' title='bbox 2182 5241 2244 5278; x_wconf 79' lang='lat' dir='ltr'><strong>ex</strong></span> <span class='ocrx_word' id='word_1_536' title='bbox 2273 5225 2430 5278; x_wconf 90' lang='lat' dir='ltr'><strong>cedro</strong></span> <span class='ocrx_word' id='word_1_537' title='bbox 2461 5223 2523 5275; x_wconf 90' lang='lat' dir='ltr'><strong>ad</strong></span> <span class='ocrx_word' id='word_1_538' title='bbox 2556 5223 2770 5276; x_wconf 91' lang='lat' dir='ltr'><strong>domum</strong></span> <span class='ocrx_word' id='word_1_539' title='bbox 2806 5221 3044 5273; x_wconf 87' lang='lat' dir='ltr'><strong>intimam</strong></span> <span class='ocrx_word' id='word_1_540' title='bbox 3080 5220 3365 5288; x_wconf 86' lang='lat' dir='ltr'><strong>complica-</strong></span> 
     </span>
    </p>
   </div>
   <div class='ocr_carea' id='block_1_66' title="bbox 158 5314 1692 5403">
    <p class='ocr_par' dir='ltr' id='par_1_66' title="bbox 158 5314 1692 5403">
     <span class='ocr_line' id='line_1_66' title="bbox 158 5314 1692 5403; baseline -0.02 -15"><span class='ocrx_word' id='word_1_541' title='bbox 158 5314 394 5403; x_wconf 53' lang='grc' dir='ltr'>έεῧῆναι</span> <span class='ocrx_word' id='word_1_542' title='bbox 424 5332 551 5383; x_wconf 75' lang='grc' dir='ltr'>ἐκεῖ</span> <span class='ocrx_word' id='word_1_543' title='bbox 576 5329 679 5395; x_wconf 79' lang='grc' dir='ltr'>τὴν</span> <span class='ocrx_word' id='word_1_544' title='bbox 706 5322 932 5376; x_wconf 80' lang='grc' dir='ltr'>κιὸωτὸν</span> <span class='ocrx_word' id='word_1_545' title='bbox 959 5320 1054 5387; x_wconf 79' lang='grc' dir='ltr'><strong>τῆς</strong></span> <span class='ocrx_word' id='word_1_546' title='bbox 1083 5317 1333 5386; x_wconf 76' lang='grc' dir='ltr'><strong>διαθήκης</strong></span> <span class='ocrx_word' id='word_1_547' title='bbox 1381 5319 1583 5389; x_wconf 79' lang='grc' dir='ltr'>Κυρίου</span> <span class='ocrx_word' id='word_1_548' title='bbox 1606 5335 1619 5348; x_wconf 81' lang='grc' dir='ltr'><strong>ο</strong></span> <span class='ocrx_word' id='word_1_549' title='bbox 1654 5337 1692 5370; x_wconf 45' lang='grc' dir='ltr'>κη</span> 
     </span>
    </p>
   </div>
   <div class='ocr_carea' id='block_1_67' title="bbox 1820 5314 3354 5403">
    <p class='ocr_par' dir='ltr' id='par_1_67' title="bbox 1843 5314 3354 5397">
     <span class='ocr_line' id='line_1_67' title="bbox 1843 5314 3354 5397; baseline -0.006 -27"><span class='ocrx_word' id='word_1_550' title='bbox 1843 5318 2040 5370; x_wconf 89' lang='lat' dir='ltr'><strong>tionem</strong></span> <span class='ocrx_word' id='word_1_551' title='bbox 2065 5333 2078 5346; x_wconf 76' lang='grc' dir='ltr'><strong>ο</strong></span> <span class='ocrx_word' id='word_1_552' title='bbox 2109 5315 2350 5377; x_wconf 89' lang='lat' dir='ltr'><strong>altitudo,</strong></span> <span class='ocrx_word' id='word_1_553' title='bbox 2399 5323 2451 5366; x_wconf 90' lang='lat' dir='ltr'><strong>et</strong></span> <span class='ocrx_word' id='word_1_554' title='bbox 2501 5316 2732 5376; x_wconf 69' lang='lat' dir='ltr'><strong>laminae,</strong></span> <span class='ocrx_word' id='word_1_555' title='bbox 2769 5322 2822 5368; x_wconf 90' lang='lat' dir='ltr'><strong>et</strong></span> <span class='ocrx_word' id='word_1_556' title='bbox 2855 5314 3354 5397; x_wconf 40' lang='lat' dir='ltr'><strong>scalpturae/omnes</strong></span> 
     </span>
    </p>
   </div>
   <div class='ocr_carea' id='block_1_68' title="bbox 159 5403 1693 5492">
    <p class='ocr_par' dir='ltr' id='par_1_68' title="bbox 159 5405 1648 5492">
     <span class='ocr_line' id='line_1_68' title="bbox 159 5405 1648 5492; baseline -0.014 -16"><span class='ocrx_word' id='word_1_557' title='bbox 159 5422 485 5492; x_wconf 76' lang='grc' dir='ltr'>ἔμπροσθεν</span> <span class='ocrx_word' id='word_1_558' title='bbox 533 5415 634 5468; x_wconf 80' lang='grc' dir='ltr'><strong>τοῦ</strong></span> <span class='ocrx_word' id='word_1_559' title='bbox 663 5405 1118 5482; x_wconf 63' lang='grc' dir='ltr'>χρηματιστηρίου</span> <span class='ocrx_word' id='word_1_560' title='bbox 1141 5412 1188 5492; x_wconf 82' lang='grc' dir='ltr'>κ’</span> <span class='ocrx_word' id='word_1_561' title='bbox 1210 5407 1414 5477; x_wconf 85' lang='grc' dir='ltr'>πηχῶν</span> <span class='ocrx_word' id='word_1_562' title='bbox 1451 5409 1616 5478; x_wconf 80' lang='grc' dir='ltr'>μῆκος</span> <span class='ocrx_word' id='word_1_563' title='bbox 1635 5447 1648 5470; x_wconf 90' lang='grc'><em>,</em></span> 
     </span>
    </p>
   </div>
   <div class='ocr_carea' id='block_1_69' title="bbox 1827 5403 3361 5492">
    <p class='ocr_par' dir='ltr' id='par_1_69' title="bbox 1843 5403 3361 5471">
     <span class='ocr_line' id='line_1_69' title="bbox 1843 5403 3361 5471; baseline -0.005 -11"><span class='ocrx_word' id='word_1_564' title='bbox 1843 5406 2091 5468; x_wconf 65' lang='lat' dir='ltr'><strong>cedrium,</strong></span> <span class='ocrx_word' id='word_1_565' title='bbox 2121 5418 2225 5457; x_wconf 91' lang='lat' dir='ltr'><strong>non</strong></span> <span class='ocrx_word' id='word_1_566' title='bbox 2253 5405 2540 5471; x_wconf 80' lang='lat' dir='ltr'><strong>apparebat</strong></span> <span class='ocrx_word' id='word_1_567' title='bbox 2577 5405 2748 5471; x_wconf 88' lang='lat' dir='ltr'><strong>lapis:</strong></span> <span class='ocrx_word' id='word_1_568' title='bbox 2777 5412 2828 5456; x_wconf 89' lang='lat' dir='ltr'><strong>et</strong></span> <span class='ocrx_word' id='word_1_569' title='bbox 2851 5403 3121 5456; x_wconf 88' lang='lat' dir='ltr'><strong>oraculum</strong></span> <span class='ocrx_word' id='word_1_570' title='bbox 3159 5403 3209 5452; x_wconf 89' lang='lat' dir='ltr'><strong>in</strong></span> <span class='ocrx_word' id='word_1_571' title='bbox 3245 5413 3361 5452; x_wconf 84' lang='lat' dir='ltr'><strong>me-</strong></span> 
     </span>
    </p>
   </div>
   <div class='ocr_carea' id='block_1_70' title="bbox 159 5490 1693 5579">
    <p class='ocr_par' dir='ltr' id='par_1_70' title="bbox 159 5490 1693 5579">
     <span class='ocr_line' id='line_1_70' title="bbox 159 5490 1693 5579; baseline -0.01 -16"><span class='ocrx_word' id='word_1_572' title='bbox 159 5490 216 5564; x_wconf 56' lang='grc' dir='ltr'>δὲ</span> <span class='ocrx_word' id='word_1_573' title='bbox 239 5490 443 5579; x_wconf 63' lang='grc' dir='ltr'>πηχῶν</span> <span class='ocrx_word' id='word_1_574' title='bbox 473 5505 708 5562; x_wconf 81' lang='grc' dir='ltr'><strong>πλάτος,</strong></span> <span class='ocrx_word' id='word_1_575' title='bbox 743 5499 833 5549; x_wconf 74' lang='grc' dir='ltr'>καὶ</span> <span class='ocrx_word' id='word_1_576' title='bbox 854 5502 898 5547; x_wconf 87' lang='grc' dir='ltr'>κ’</span> <span class='ocrx_word' id='word_1_577' title='bbox 923 5491 1102 5559; x_wconf 77' lang='grc' dir='ltr'>πηχῶν</span> <span class='ocrx_word' id='word_1_578' title='bbox 1125 5491 1257 5558; x_wconf 69' lang='grc' dir='ltr'><strong>ὕψος,</strong></span> <span class='ocrx_word' id='word_1_579' title='bbox 1293 5497 1410 5548; x_wconf 72' lang='grc' dir='ltr'><strong>καὶ</strong></span> <span class='ocrx_word' id='word_1_580' title='bbox 1441 5496 1693 5568; x_wconf 71' lang='grc' dir='ltr'>περιεπή)</span> 
     </span>
    </p>
   </div>
   <div class='ocr_carea' id='block_1_71' title="bbox 1824 5490 3358 5579">
    <p class='ocr_par' dir='ltr' id='par_1_71' title="bbox 1845 5490 3358 5560">
     <span class='ocr_line' id='line_1_71' title="bbox 1845 5490 3358 5560; baseline -0.006 -11"><span class='ocrx_word' id='word_1_581' title='bbox 1845 5496 1933 5549; x_wconf 83' lang='grc' dir='ltr'><strong>(1ἱο</strong></span> <span class='ocrx_word' id='word_1_582' title='bbox 1961 5497 2147 5548; x_wconf 90' lang='lat' dir='ltr'><strong>domus</strong></span> <span class='ocrx_word' id='word_1_583' title='bbox 2180 5493 2445 5546; x_wconf 85' lang='lat' dir='ltr'><strong>interioris</strong></span> <span class='ocrx_word' id='word_1_584' title='bbox 2474 5495 2696 5560; x_wconf 87' lang='lat' dir='ltr'><strong>paravit,</strong></span> <span class='ocrx_word' id='word_1_585' title='bbox 2735 5501 2791 5544; x_wconf 91' lang='lat' dir='ltr'><strong>ut</strong></span> <span class='ocrx_word' id='word_1_586' title='bbox 2816 5501 3095 5559; x_wconf 90' lang='lat' dir='ltr'><strong>poneretur</strong></span> <span class='ocrx_word' id='word_1_587' title='bbox 3126 5490 3195 5543; x_wconf 90' lang='lat' dir='ltr'><strong>ibi</strong></span> <span class='ocrx_word' id='word_1_588' title='bbox 3231 5501 3358 5542; x_wconf 84' lang='lat' dir='ltr'><strong>arca</strong></span> 
     </span>
    </p>
   </div>
   <div class='ocr_carea' id='block_1_72' title="bbox 163 5579 1697 5662">
    <p class='ocr_par' dir='ltr' id='par_1_72' title="bbox 163 5580 1696 5662">
     <span class='ocr_line' id='line_1_72' title="bbox 163 5580 1696 5662; baseline -0.01 -20"><span class='ocrx_word' id='word_1_589' title='bbox 163 5615 253 5651; x_wconf 83' lang='grc' dir='ltr'>σεν</span> <span class='ocrx_word' id='word_1_590' title='bbox 276 5599 416 5651; x_wconf 75' lang='grc' dir='ltr'><strong>αὐτὸ</strong></span> <span class='ocrx_word' id='word_1_591' title='bbox 467 5588 690 5662; x_wconf 75' lang='grc' dir='ltr'>χρυσίῳ</span> <span class='ocrx_word' id='word_1_592' title='bbox 725 5582 958 5648; x_wconf 82' lang='grc' dir='ltr'>δοκιμίῳ.</span> <span class='ocrx_word' id='word_1_593' title='bbox 1009 5580 1078 5628; x_wconf 90' lang='grc'><strong>0⁸.</strong></span> <span class='ocrx_word' id='word_1_594' title='bbox 1109 5580 1206 5632; x_wconf 79' lang='grc' dir='ltr'><strong>Καὶ</strong></span> <span class='ocrx_word' id='word_1_595' title='bbox 1260 5591 1326 5651; x_wconf 85' lang='grc' dir='ltr'><strong>μ’</strong></span> <span class='ocrx_word' id='word_1_596' title='bbox 1357 5580 1438 5654; x_wconf 82' lang='grc' dir='ltr'>ἦν</span> <span class='ocrx_word' id='word_1_597' title='bbox 1483 5591 1696 5655; x_wconf 74' lang='grc' dir='ltr'>πήχεων</span> 
     </span>
    </p>
   </div>
   <div class='ocr_carea' id='block_1_73' title="bbox 1837 5579 3371 5662">
    <p class='ocr_par' dir='ltr' id='par_1_73' title="bbox 1846 5579 3371 5645">
     <span class='ocr_line' id='line_1_73' title="bbox 1846 5579 3371 5645; baseline -0.005 -6"><span class='ocrx_word' id='word_1_598' title='bbox 1846 5582 2148 5639; x_wconf 85' lang='lat' dir='ltr'><strong>testamenti</strong></span> <span class='ocrx_word' id='word_1_599' title='bbox 2180 5580 2403 5636; x_wconf 87' lang='lat' dir='ltr'><strong>Domini.</strong></span> <span class='ocrx_word' id='word_1_600' title='bbox 2455 5592 2507 5635; x_wconf 89' lang='lat' dir='ltr'><strong>et</strong></span> <span class='ocrx_word' id='word_1_601' title='bbox 2538 5591 2660 5636; x_wconf 86' lang='lat' dir='ltr'><strong>ante</strong></span> <span class='ocrx_word' id='word_1_602' title='bbox 2711 5583 3007 5645; x_wconf 86' lang='lat' dir='ltr'><strong>oraculum,</strong></span> <span class='ocrx_word' id='word_1_603' title='bbox 3033 5579 3129 5633; x_wconf 72' lang='lat' dir='ltr'><strong><em>KX</em></strong></span> <span class='ocrx_word' id='word_1_604' title='bbox 3155 5579 3371 5633; x_wconf 78' lang='lat' dir='ltr'><strong>cubito-</strong></span> 
     </span>
    </p>
   </div>
   <div class='ocr_carea' id='block_1_74' title="bbox 160 5665 1694 5749">
    <p class='ocr_par' dir='ltr' id='par_1_74' title="bbox 160 5666 1694 5749">
     <span class='ocr_line' id='line_1_74' title="bbox 160 5666 1694 5749; baseline -0.007 -12"><span class='ocrx_word' id='word_1_605' title='bbox 160 5684 309 5749; x_wconf 70' lang='grc' dir='ltr'>οἶκος</span> <span class='ocrx_word' id='word_1_606' title='bbox 332 5685 527 5743; x_wconf 75' lang='grc' dir='ltr'><strong>αὐτὸς,</strong></span> <span class='ocrx_word' id='word_1_607' title='bbox 559 5681 590 5730; x_wconf 84' lang='grc' dir='ltr'><strong><em>ὁ</em></strong></span> <span class='ocrx_word' id='word_1_608' title='bbox 614 5674 745 5732; x_wconf 78' lang='grc' dir='ltr'><strong>ναὸς</strong></span> <span class='ocrx_word' id='word_1_609' title='bbox 777 5672 804 5720; x_wconf 86' lang='grc' dir='ltr'>ὁ</span> <span class='ocrx_word' id='word_1_610' title='bbox 829 5666 1090 5724; x_wconf 76' lang='grc' dir='ltr'><strong>ὲσώτατος,</strong></span> <span class='ocrx_word' id='word_1_611' title='bbox 1129 5668 1212 5720; x_wconf 81' lang='grc' dir='ltr'>καὶ</span> <span class='ocrx_word' id='word_1_612' title='bbox 1243 5670 1345 5723; x_wconf 81' lang='grc' dir='ltr'><strong>διὰ</strong></span> <span class='ocrx_word' id='word_1_613' title='bbox 1389 5674 1584 5742; x_wconf 81' lang='grc' dir='ltr'>κέδρου</span> <span class='ocrx_word' id='word_1_614' title='bbox 1614 5673 1694 5739; x_wconf 69' lang='grc' dir='ltr'>πρί</span> 
     </span>
    </p>
   </div>
   <div class='ocr_carea' id='block_1_75' title="bbox 1835 5665 3369 5749">
    <p class='ocr_par' dir='ltr' id='par_1_75' title="bbox 1845 5665 3369 5742">
     <span class='ocr_line' id='line_1_75' title="bbox 1845 5665 3369 5742; baseline -0.005 -15"><span class='ocrx_word' id='word_1_615' title='bbox 1845 5690 1964 5728; x_wconf 87' lang='lat' dir='ltr'><strong>rum</strong></span> <span class='ocrx_word' id='word_1_616' title='bbox 2023 5670 2318 5742; x_wconf 86' lang='lat' dir='ltr'><strong>longitudo,</strong></span> <span class='ocrx_word' id='word_1_617' title='bbox 2342 5667 2439 5720; x_wconf 78' lang='lat' dir='ltr'><strong>XX</strong></span> <span class='ocrx_word' id='word_1_618' title='bbox 2490 5671 2789 5725; x_wconf 73' lang='lat' dir='ltr'><strong>cubitorum</strong></span> <span class='ocrx_word' id='word_1_619' title='bbox 2824 5670 3062 5733; x_wconf 87' lang='lat' dir='ltr'><strong>latitudo,</strong></span> <span class='ocrx_word' id='word_1_620' title='bbox 3094 5677 3147 5721; x_wconf 94' lang='lat' dir='ltr'><strong>et</strong></span> <span class='ocrx_word' id='word_1_621' title='bbox 3178 5665 3369 5733; x_wconf 74' lang='lat' dir='ltr'><strong>viginti</strong></span> 
     </span>
    </p>
   </div>
   <div class='ocr_carea' id='block_1_76' title="bbox 160 5752 1694 5829">
    <p class='ocr_par' dir='ltr' id='par_1_76' title="bbox 160 5752 1694 5829">
     <span class='ocr_line' id='line_1_76' title="bbox 160 5752 1694 5829; baseline 0.008 -25"><span class='ocrx_word' id='word_1_622' title='bbox 160 5777 250 5829; x_wconf 63' lang='grc' dir='ltr'><strong>..δν</strong></span> <span class='ocrx_word' id='word_1_623' title='bbox 277 5772 429 5826; x_wconf 57' lang='grc' dir='ltr'><strong>οἷκον</strong></span> <span class='ocrx_word' id='word_1_624' title='bbox 460 5769 578 5819; x_wconf 70' lang='grc' dir='ltr'><strong>εσω</strong></span> <span class='ocrx_word' id='word_1_625' title='bbox 605 5757 826 5824; x_wconf 71' lang='grc' dir='ltr'>πλοκὴν,</span> <span class='ocrx_word' id='word_1_626' title='bbox 864 5752 1220 5817; x_wconf 78' lang='grc' dir='ltr'><strong>ἐπανάστασις,</strong></span> <span class='ocrx_word' id='word_1_627' title='bbox 1252 5759 1366 5814; x_wconf 73' lang='grc' dir='ltr'>καὶ</span> <span class='ocrx_word' id='word_1_628' title='bbox 1404 5759 1611 5816; x_wconf 78' lang='grc' dir='ltr'><strong>πέταλα</strong></span> <span class='ocrx_word' id='word_1_629' title='bbox 1655 5779 1694 5815; x_wconf 54' lang='grc' dir='ltr'><strong>κη</strong></span> 
     </span>
    </p>
   </div>
   <div class='ocr_carea' id='block_1_77' title="bbox 1836 5752 3370 5829">
    <p class='ocr_par' dir='ltr' id='par_1_77' title="bbox 1850 5755 3370 5824">
     <span class='ocr_line' id='line_1_77' title="bbox 1850 5755 3370 5824; baseline -0.009 -5"><span class='ocrx_word' id='word_1_630' title='bbox 1850 5764 2144 5819; x_wconf 86' lang='lat' dir='ltr'><strong>cubitorum</strong></span> <span class='ocrx_word' id='word_1_631' title='bbox 2178 5757 2418 5822; x_wconf 85' lang='lat' dir='ltr'><strong>altitudo,</strong></span> <span class='ocrx_word' id='word_1_632' title='bbox 2462 5768 2513 5813; x_wconf 84' lang='lat' dir='ltr'><strong>et</strong></span> <span class='ocrx_word' id='word_1_633' title='bbox 2541 5759 2913 5815; x_wconf 73' lang='lat' dir='ltr'><strong>circumlinivit</strong></span> <span class='ocrx_word' id='word_1_634' title='bbox 2946 5755 3073 5810; x_wconf 75' lang='lat' dir='ltr'><strong>illud</strong></span> <span class='ocrx_word' id='word_1_635' title='bbox 3098 5769 3224 5813; x_wconf 66' lang='lat' dir='ltr'><strong>anno</strong></span> <span class='ocrx_word' id='word_1_636' title='bbox 3247 5769 3370 5824; x_wconf 70' lang='lat' dir='ltr'><strong>pro-</strong></span> 
     </span>
    </p>
   </div>
  </div>
