3822 6360
274 368 367 420 I73

1429 374 1551 429 LIB.
1593 374 1657 429 III
1697 374 1927 431 REGUM
1963 371 2185 428 CAPUT
2224 372 2361 426 XIV.

3328 367 3421 421 HI

1334 484 1578 544 CAPUT
1638 485 1753 544 XII
1811 484 1954 544 LIB.
1990 484 2096 557 ,ΙΙΙ
2146 482 2438 542 REGUM.

576 578 988 638 ΣΥΜΜΑΧΟΣ.

336 706 533 789 10.1'8
571 737 946 806 σμικρότατόν
998 754 1095 806 μου
1138 738 1295 805 μέλος

1847 590 1917 639 θ’.

2734 580 3116 633 ΘΕΟΔΟΤΙΩΝ.

1434 741 1515 821 1οε
1567 759 1619 821 η’
1651 741 1903 818 μικρρτης
1956 758 2052 821 μου
2096 741 2364 809 παχυτέρα
2504 739 2586 794 10.

270 806 556 872 παχύτερον
584 805 687 872 τῆς
716 805 924 873 ὀσφύος
966 805 1057 858 τοῦ
1093 806 1295 875 πατρός
1364 807 1461 875 τῆς
1490 805 1683 873 ὀσφύος
1718 805 1808 859 τοῦ
1833 805 2030 877 τὲατρός
2066 805 2185 877 μουζ

273 888 389 940 μου.

562 1032 1015 1088 SYMMACHUS.

335 1123 415 1175 l0.
449 1121 734 1175 Minimum
769 1124 1074 1177 membrum
1122 1138 1297 1178 meum

271 1193 501 1261 grossius
527 1200 611 1244 est
634 1192 829 1245 lumbo
856 1192 1026 1260 patris
1054 1193 1178 1245 mei.
1369 1194 1530 1259 patris
1558 1193 1676 1245 mei.

1536 1034 1671 1086 LXX
1709 1033 2189 1089 INTERPRETES.

1550 1124 1785 1202 Parvitas
1808 1140 1918 1178 mea
1942 1128 2167 1180 crassior
2188 1126 2364 1179 lumno
2503 1126 2584 1180 l0.

2750 1033 3145 1105 THEODOTIQ.

1775 1416 1944 1476 Nota.

272 1530 503 1588 sumptas
533 1516 890 1572 exhibemus.

1314 1696 1555 1757 CAPUT
1604 1694 1746 1755 XIII
1804 1694 1945 1753 LIB.
2006 1692 2089 1750 III
2122 1691 2412 1751 BEGUM.

289 1816 393 1868 ριος
422 1797 497 1866 τῷ
517 1798 714 1859 λέοντι,
759 1798 862 1850 καὶ
885 1796 1192 1866 συνέτριψεν
1220 1796 1377 1848 αὐτὸν
1396 1836 1410 1859 ,
1452 1796 1542 1847 καὶ
1569 1794 1827 1847 ἐθανάτω-

279 1905 361 1939 σεν
393 1888 571 1949 αὐτὸν,
621 1887 769 1939 κατὰ
808 1887 875 1938 τὸ
908 1887 1057 1955 ῥῆμα
1084 1884 1300 1954 Κυρίου,
1331 1885 1358 1935 ὂ
1389 1884 1637 1952 ἐλάλησεν
1662 1882 1823 1948 αὐτῷ.

276 1976 379 2027 Καὶ
412 1976 641 2044 ὲλὰλησε
685 1974 835 2043 πρὸς
873 1976 1021 2038 υἱοὺς
1065 1972 1241 2027 αὑτοῦ.
1288 1971 1594 2035 Ἐπισάξατέ
1628 1988 1714 2041 μοι
1741 1970 1828 2022 τὸν

273 2060 408 2116 ὃνον.
435 2063 545 2114 Καὶ
572 2060 883 2125 ὲπέσαξαν.

1932 1790 2159 1845 Slernite
2186 1792 2315 1845 mihi
2340 1792 2551 1845 asinum
2582 1811 2594 1843 :
2626 1799 2677 1846 et
2724 1801 3040 1845 straverunt.
3071 1789 3188 1845 Vul‘.
3224 1792 3289 1845 lit
3318 1797 3397 1844 Ira

1928 1880 2057 1933 didit
2077 1894 2198 1932 eum
2238 1879 2490 1934 Dominus
2518 1880 2676 1941 leoni,
2722 1888 2774 1932 et
2810 1879 3069 1946 confregit
3101 1894 3241 1943 eum,
3263 1888 3317 1932 et
3341 1894 3406 1933 oc

1930 1967 2059 2052 cidit
2081 1983 2223 2029 eum,
2250 1970 2395 2036 juxta
2420 1970 2636 2022 verbum
2676 1969 2905 2032 Domini,
2948 1967 3089 2036 quod
3122 1969 3329 2022 locutus
3350 1975 3424 2020 est

1922 2058 1990 2110 ei.
2021 2044 2262 2123 Dixitque
2308 2057 2371 2111 ad
2401 2055 2536 2110 ﬁlios
2569 2044 2730 2119 suos,
2762 2056 2989 2112 Sternite
3013 2057 3139 2111 mihi
3172 2059 3399 2112 asinum.

1925 2150 2025 2215 Qui
2056 2166 2174 2205 cum
2209 2150 2537 2205 stravissent.

1770 2267 1944 2328 Nola.

265 2368 633 2423 desumunrur=

1338 2541 1581 2601 CAPUT
1623 2541 1766 2602 XIV
1794 2536 1937 2603 LIB.
1996 2544 2079 2602 III
2108 2540 2399 2602 REGUM.

266 2646 571 2716 ὴρρὠτησε
595 2644 660 2697 τὸ
689 2644 988 2712 παιδάριον
1029 2639 1322 2711 Ἰεροϐοὰμ,
1356 2641 1447 2693 καὶ
1484 2642 1631 2708 Ἀχιὰ
1668 2637 1733 2711 ἦν
1768 2643 1822 2693 ὲν

270 2732 431 2801 Σηλὼ,
464 2731 577 2794 υἱδς
607 2731 650 2795 ξ’
694 2731 871 2793 ἐτῶν,
903 2730 995 2782 καὶ
1049 2730 1196 2799 ῥῆμα
1244 2728 1441 2797 Κυρίου
1479 2729 1593 2796 μετ’
1621 2729 1779 2780 αὑτοῦ
1808 2747 1821 2760 ·

271 2823 403 2873 καὶὸ
436 2819 728 2889 ἄνθρωπος
791 2817 1171 2888 πρεσϐύτερος,
1220 2817 1309 2867 καὶ
1354 2817 1613 2887 ὀφθαλμοὶ
1663 2818 1823 2870 αὐτοῦ

270 2908 645 2978 ἡμωυὼπουν.

273 3125 334 3188 Χ
362 3121 681 3190 βασιλεῦσαι
710 3120 815 3173 ἐπὶ
840 3119 931 3171 τὸν
951 3118 1073 3171 λαὸν
1096 3116 1298 3170 τοῦτον.
1330 3118 1568 3182 Ἄλλως,
1598 3119 1687 3170 καὶ
1711 3114 1827 3170 εἷπε

270 3215 396 3282 πρὸς
435 3212 569 3264 Ἀνὼ
594 3214 697 3280 τὴν
748 3212 981 3277 γυναῖκα
1017 3208 1177 3259 αὑτοῦ
1198 3224 1211 3236 '
1257 3208 1824 3277 Ἀνάστηοι,πορεύου,

272 3301 607 3371 ἐπερώτησον
635 3302 736 3352 τὸν
772 3299 904 3351 Θεὸν
939 3300 1061 3367 περὶ
1095 3297 1184 3348 τοῦ
1213 3297 1509 3365 παιδαρίου,
1540 3298 1587 3347 εἰ
1611 3298 1828 3365 ζήσεται

269 3393 333 3442 ἐκ
345 3391 437 3459 τῆς
459 3389 787 3459 ἀρρωστίας
810 3372 991 3438 αύτοῦ.
1022 3387 1129 3438 Καὶ
1149 3385 1421 3455 ἄνθρωπος
1446 3382 1511 3454 ἦν
1535 3388 1589 3438 ὲν
1608 3386 1819 3454 Σηλὼμ,

270 3480 363 3533 καὶ
391 3480 553 3548 ὄνομα
586 3477 748 3545 αὐτῷ
790 3475 960 3543 Ἀχιὰ,
996 3477 1087 3526 καὶ
1117 3469 1265 3534 οὗτος
1302 3470 1367 3542 ἦν
1416 3475 1523 3537 υἱὸς
1566 3475 1819 3544 ἑξήκοντα

269 3571 423 3633 ἑτῶν,
453 3570 544 3622 καὶ
580 3570 744 3638 ῥῆμα
772 3566 975 3634 Κυρίου
1002 3564 1116 3633 μετ’
1147 3562 1326 3614 αὑτοῦ.

1925 2644 2106 2708 Aliter,
2136 2655 2187 2698 et
2215 2639 2485 2711 segrotavit
2506 2652 2636 2706 puer
2662 2633 2961 2701 Jctoboam,
2985 2636 3211 2690 etAchia
3241 2636 3426 2689 eratin

1927 2738 2067 2798 Seio,
2106 2736 2244 2787 lilius
2274 2729 2543 2796 sexaginta
2584 2741 2866 2789 annorum,
2903 2734 2959 2779 et
2981 2726 3196 2778 verbum
3224 2724 3428 2777 Domini

1919 2832 2140 2881 cumeo
2168 2840 2180 2873 :
2208 2832 2259 2876 et
2292 2821 2453 2872 homo
2483 2816 2680 2880 senior,
2722 2824 2773 2868 et
2798 2816 2934 2869 oculi
2972 2816 3088 2883 ejus
3113 2815 3427 2884 caligabant.

1933 2915 2081 2983 Vulg.
2129 2915 2187 2965 In
2237 2920 2472 2975 tempore
2518 2904 2609 2958 illo
2636 2905 2909 2973 mgrolavit
2941 2904 3072 2957 Abia
3110 2905 3248 2958 ﬁlius
3294 2902 3433 2958 Jero—

1920 3007 2094 3059 boam.

1923 3119 2109 3182 Aliter,
2138 3125 2189 3170 et
2214 3116 2346 3171 dixit
2378 3115 2441 3169 ad
2468 3116 2583 3165 Ano
2610 3125 2829 3165 uxorem
2864 3123 3014 3161 suam
3035 3126 3047 3160 :
3070 3105 3255 3174 Surge,
3276 3105 3428 3167 vade,

1922 3210 2185 3275 interroga
2215 3206 2375 3259 Deum
2428 3205 2567 3257 circa
2598 3215 2842 3269 puerum,
2886 3199 2929 3251 si
2958 3199 3094 3249 vivet
3120 3212 3184 3248 ex
3217 3196 3431 3248 inﬁrmi-

1921 3309 2026 3353 tate
2062 3274 2176 3351 sua.
2217 3296 2280 3349 Et
2327 3296 2487 3347 homo
2517 3301 2631 3346 erat
2686 3293 2738 3344 in
2795 3274 2994 3351 Sélom,
3053 3296 3106 3338 et
3159 3299 3349 3337 nomen
3383 3285 3429 3337 ei

1923 3390 2109 3450 Achia,
2147 3396 2199 3440 et
2224 3387 2308 3438 hic
2332 3392 2444 3438 erat
2467 3383 2605 3436 ﬁlius
2638 3380 2905 3447 sexaginta
2934 3389 3213 3435 annorum,
3244 3382 3297 3425 et
3315 3387 3431 3425 ver-

1922 3478 2047 3531 bum
2104 3473 2309 3527 Domini
2352 3485 2471 3524 cum
2523 3484 2605 3522 eo.
2658 3466 2801 3534 Vulg.
2869 3463 3112 3529 Dixitque
3152 3459 3430 3514 Jeroboam

1922 3566 2074 3619 uxori
2102 3578 2210 3618 suae
2233 3580 2245 3614 :
2287 3562 2472 3628 Surge,
2497 3568 2549 3611 et
2576 3562 2842 3611 commuta
2865 3554 3123 3613 habitum,
3145 3565 3211 3603 ne
3239 3564 3433 3617 cogno-

1922 3654 2089 3709 scaris
2135 3651 2275 3719 quod
2309 3651 2381 3703 sis
2412 3662 2542 3700 uxor
2569 3646 2848 3699 Jeroboam
2880 3660 2894 3696 :
2936 3650 2989 3694 et
3034 3640 3164 3692 vade
3202 3639 3255 3691 in
3281 3635 3392 3690 Silo
3413 3674 3431 3701 ,

262 3762 359 3834 ubi
383 3772 463 3817 est
491 3762 670 3815 Ahias
705 3758 991 3828 prOpheta,
1020 3756 1112 3823 qui
1149 3755 1356 3808 locutus
1380 3759 1460 3806 est
1495 3752 1645 3813 mihi,
1669 3750 1808 3819 quod
1850 3752 2162 3815 regnaturus
2190 3754 2358 3793 essem
2387 3751 2545 3805 super
2566 3734 2814 3803 populum
2846 3732 3005 3783 hunc.

276 3877 339 3939 χ(
369 3873 528 3934 αὐτὸς
553 3869 860 3937 ἀναγγελεῖ
912 3883 990 3917 σοι
1012 3866 1061 3917 τί
1083 3865 1229 3917 ἔσται
1254 3864 1330 3932 τῷ
1350 3862 1559 3931 παιδίῳ.
1585 3863 1821 3923 Ἄλλως,

273 3964 362 4015 καὶ
389 3959 541 4014 εἶπεν
586 3958 880 4029 Ἰεροὸοὰμ
904 3956 1035 4025 πρὸς
1055 3956 1151 4023 τὴν
1179 3956 1401 4020 γυναῖκα
1431 3951 1588 4004 αὑτοῦ
1610 3967 1623 3979 ⁸
1672 3950 1823 4001 Ἀνά-

277 4049 446 4119 στηθι,
487 4047 585 4099 καὶ
615 4045 756 4097 λάϐε
785 4045 863 4102 είς
885 4042 980 4110 τὴν
1007 4040 1162 4108 χεῖρά
1200 4054 1290 4089 σου
1326 4036 1399 4104 τῷ
1434 4034 1691 4104 ἀνθρώπῳ
1733 4031 1823 4082 τοῦ

272 4137 398 4189 Θεοῦ
428 4138 656 4207 ἄρτους,
708 4133 805 4185 καὶ
852 4129 1103 4198 κολλύρια
1138 4130 1248 4189 τοῖς
1276 4126 1481 4187 τέκνοις
1501 4122 1691 4176 αὐτοῦ*
1734 4122 1825 4173 καὶ

276 4225 547 4294 σταφυλὴν
576 4224 678 4275 καὶ
703 4220 935 4289 στάμνον
968 4218 1194 4287 μέλιτος.

276 4425 338 4486 Χ
376 4421 465 4488 μοὶ
488 4418 665 4471 αὑτοῦ
716 4414 823 4466 ἀπὸ
859 4413 948 4464 τοῦ
985 4413 1162 4481 γήρως
1209 4408 1389 4461 αὐτοῦ.
1445 4409 1689 4472 ¹Ἀλλως,
1736 4408 1827 4459 καὶ

274 4510 469 4577 ἀνέστη
501 4511 535 4576 ἡ
560 4506 726 4573 γυνὴ,
754 4502 846 4553 καὶ
872 4501 1054 4552 ἔλαϐεν
1092 4501 1168 4559 εἰς
1206 4498 1301 4565 τὴν
1348 4492 1497 4566 χεῖρα
1525 4497 1689 4564 αὐτῆς
1732 4497 1825 4565 ἄρ-

273 4613 395 4657 τους
425 4597 524 4647 καὶ
546 4594 650 4645 δύο
676 4589 929 4657 κολλύρια
956 4627 970 4651 ,
1010 4586 1104 4638 καὶ
1158 4583 1442 4652 σταφυλὴν,
1477 4584 1566 4635 καὶ
1600 4583 1824 4651 στάμνον

279 4685 495 4753 μέλιτος
521 4685 605 4751 τῷ
635 4679 810 4749 ’Ᾱχιά.
839 4677 946 4728 Καὶ
975 4676 1003 4726 ὁ
1040 4674 1316 4742 ἄνθρωπος
1340 4671 1712 4740 πρεσϐύτερος,
1737 4672 1827 4723 καὶ

275 4777 323 4825 οἱ
348 4771 629 4840 ὀφθαλμοὶ
660 4766 821 4819 αὐτοῦ
841 4762 1199 4833 ἠμϐλυώπουν
1217 4759 1307 4812 τοῦ
1334 4761 1473 4811 ἰδεῖν.
1504 4762 1611 4812 Καὶ
1635 4760 1826 4827 ἀνέστη

277 4864 339 4914 ὲκ
369 4859 608 4930 Σαριρὰ,
642 4857 736 4908 καὶ
767 4853 1070 4923 πορεύεται.

277 5085 341 5148 Χ
374 5078 471 5133 καὶ
495 5076 646 5130 κατὰ
666 5069 823 5126 τοῦτο
856 5068 1101 5138 λαλήσεις
1120 5063 1250 5136 πρὸς
1271 5064 1453 5133 αὐτήν.
1482 5065 1589 5117 Καὶ
1613 5065 1825 5131 ἐγένετο

275 5177 343 5237 χ
378 5173 437 5221 ὲν
460 5167 544 5236 τῷ
584 5161 923 5232 εἰσέρχεσθαι
954 5159 1139 5227 αὐτὴν,
1186 5156 1276 5208 καὶ
1325 5153 1458 5221 αὑτὴ
1494 5151 1824 5214 ἀπεξενοῦτο.

277 5261 512 5321 Ἄλλως
542 5294 559 5317 ,
590 5254 687 5306 καὶ
722 5250 934 5316 ἐγένετο
963 5245 1212 5313 ἐλθούσης
1241 5243 1405 5311 αὐτῆς
1439 5242 1515 5302 εἷς
1554 5242 1649 5309 τὴν
1681 5241 1829 5292 πόλιν

275 5348 414 5415 πρὸς
461 5342 631 5413 ’Δχιὰ
656 5340 751 5392 τὸν
780 5336 1099 5408 Σηλωνὶτην,
1120 5335 1211 5386 καὶ
1232 5333 1381 5384 εἶπεν
1435 5328 1581 5397 Ἀχιὰ
1608 5327 1682 5396 τῷ
1718 5344 1832 5379 παι-ι

273 5432 449 5503 δαρίῳ
480 5428 677 5489 αὐτοῦ,
692 5425 914 5488 Ἔξελθε
930 5423 993 5492 δὴ
1019 5424 1095 5482 είς
1115 5421 1347 5488 ἀπαντὴν
1381 5416 1513 5469 Ἀνὼ
1537 5419 1601 5486 τῇ
1617 5416 1827 5481 γυναικὶ

282 5519 609 5589 Ῑιεροϐοὰμ,
634 5516 728 5567 καὶ
758 5514 901 5581 ὲρεῖς
929 5510 1082 5575 αὐτῇ·
1111 5506 1324 5560 Eleans
1353 5505 1444 5555 καὶ
1479 5503 1550 5571 μὴ
1578 5504 1723 5570 στῇς.

1923 3855 1986 3907 ad
2011 3866 2225 3906 uxorem
2277 3864 2461 3904 suam:
2515 3847 2700 3915 Surge,
2750 3852 2801 3897 et
2851 3842 3027 3909 accipe
3055 3838 3106 3893 in
3149 3854 3310 3892 manu
3342 3844 3431 3889 tua

1922 3942 2125 3996 homini
2152 3939 2242 3991 Dei
2270 3953 2452 4007 panes,
2476 3946 2527 3988 et
2553 3935 2837 4004 collyridas
2863 3931 2984 3984 ﬁliis
3007 3930 3144 3997 ejus,
3179 3936 3233 3981 et
3255 3941 3432 3988 uvam,

1922 4043 1974 4087 et
1998 4048 2091 4086 vas
2112 4031 2299 4084 mellis.
2346 4028 2494 4095 Vulg.
2522 4026 2670 4078 Tolle
2700 4038 2913 4093 quoque
2945 4023 2998 4074 in
3051 4034 3211 4073 manu
3238 4025 3329 4070 tua
3351 4018 3435 4069 dc-

1919 4138 2032 4178 cem
2062 4136 2242 4191 panes,
2268 4128 2321 4173 et
2343 4117 2656 4176 crustulam.
2685 4122 2736 4168 et
2766 4129 2862 4167 vas
2912 4112 3104 4172 mellis,
3135 4120 3187 4163 et
3210 4108 3341 4161 vade
3366 4107 3432 4159 ad

1923 4212 2118 4264 illum:
2177 4211 2289 4277 ipse
2335 4209 2476 4259 enim
2507 4204 2760 4259 indicabit
2804 4203 2922 4267 tibi,
2966 4199 3093 4269 quid
3122 4206 3431 4253 eventurum

1922 4304 1991 4356 sit
2021 4318 2182 4371 puero
2209 4302 2349 4354 huic.

1926 4413 2025 4479 psit
2053 4412 2101 4463 in
2135 4426 2291 4463 manu
2321 4424 2415 4463 sua
2444 4422 2625 4476 panes,
2648 4402 3155 4471 etduas‘collyridas,
3180 4409 3231 4453 et
3252 4412 3432 4455 uvam,

1925 4510 1978 4554 et
2006 4515 2097 4553 vas
2128 4500 2298 4552 mellis
2332 4498 2430 4566 ipsi
2482 4496 2684 4548 Achia:
2721 4503 2772 4547 et
2802 4496 2959 4546 homo
2987 4491 3181 4552 senior,
3214 4497 3266 4539 et
3293 4486 3431 4539 oculi

1925 4592 2041 4658 ejus
2070 4589 2364 4658 caligabant
2390 4586 2453 4638 ad
2480 4585 2783 4637 videndum.
2809 4580 2872 4632 Et
2895 4578 3123 4631 surrexit
3148 4578 3211 4629 de
3233 4575 3433 4633 Sarira,

1924 4692 1975 4735 et
2000 4680 2161 4733 vadit.
2194 4675 2515 4745 Vulg.Fecit,
2540 4682 2597 4725 ut
2620 4673 2841 4728 dixerat.
2875 4684 3006 4721 uxor
3034 4666 3312 4719 Jeroboam
3341 4681 3353 4715 :
3385 4675 3437 4716 et

1926 4783 2254 4837 consurgens
2278 4765 2405 4818 abiit
2430 4765 2481 4816 in
2508 4764 2636 4823 Silo.
2671 4770 2722 4814 et
2749 4759 2893 4811 venit
2920 4758 2972 4809 in
3000 4760 3215 4809 domum
3239 4754 3386 4807 Ahim
3420 4772 3432 4805 :

1926 4868 1979 4912 at
2001 4859 2216 4911 ille‘non
2248 4862 2453 4924 poterat
2492 4853 2689 4913 videre,
2734 4849 2858 4917 quia
2891 4847 3248 4915 caligaverant
3297 4844 3435 4896 oculi
3470 4864 3473 4867 λ

1916 4949 2033 5015 ejus
2064 4962 2171 5016 prae
2197 4953 2487 5000 senectute.

1922 5064 1989 5127 Ἀ(
2039 5061 2241 5127 grinam
2292 5057 2593 5112 simulabat.
2662 5052 2853 5111 Aliter,
2894 5058 2947 5103 et
2996 5048 3191 5102 factum
3240 5056 3320 5100 est
3359 5046 3440 5099 iu-

1922 5150 2188 5217 grediente
2248 5149 2359 5215 ipsa
2411 5149 2462 5199 in
2516 5146 2696 5199 urbem
2725 5142 2790 5194 ad
2823 5140 2986 5193 Acliia
3035 5137 3351 5199 Selonitem,
3387 5145 3433 5185 et

1926 5233 2061 5286 dixit
2082 5233 2246 5285 Achia
2276 5246 2438 5295 puero
2464 5246 2583 5291 suo,
2618 5228 2878 5298 Egredere
2914 5227 2969 5278 in
3011 5240 3294 5279 occursum
3324 5224 3439 5277 Ano

1927 5322 2079 5375 uxori
2098 5320 2402 5385 Jeroboam,
2425 5320 2639 5374 etdices
2670 5317 2803 5385 ipsi:
2831 5316 3127 5386 Ingredere,
3158 5324 3303 5369 etne
3338 5325 3431 5367 ste-

1926 5412 2072 5465 teris.
2122 5411 2237 5463 Vul.
2292 5410 2431 5463 Dixit
2456 5418 2630 5469 autem
2687 5406 2941 5460 Dominus
2981 5406 3045 5459 ad
3071 5405 3280 5464 Ahiam,
3307 5401 3439 5453 Ecce

1930 5514 2060 5551 uxor
2085 5498 2366 5565 Jeroboam
2421 5498 2711 5568 ingreditur
2777 5504 2835 5548 ut
2883 5495 3126 5549 consulat
3176 5503 3227 5545 te
3278 5503 3440 5556 super

281 5587 393 5665 lilio
421 5623 552 5672 suo,
589 5606 678 5672 qui
730 5598 1137 5672 aegrotatdzhhaec
1181 5606 1233 5651 ct
1262 5599 1373 5653 haec
1414 5594 1647 5664 loqueris
1673 5594 1741 5649 ei.
1772 5592 1905 5648 Cum
1930 5606 2056 5661 ergo
2092 5593 2182 5647 illa
2210 5594 2444 5657 intraret,
2475 5602 2528 5646 et
2555 5591 2911 5646 dissimularet
2942 5603 2997 5643 se
3026 5601 3141 5642 esse
3164 5598 3279 5654 quae
3307 5587 3437 5634 erat.
