3822 6386
298 474 391 531 177
1441 480 1562 534 LIB.
1607 480 1670 533 ιιι
1725 477 1958 533 secum
1995 479 2215 534 CAPUT
2254 478 2389 534 xw.
3380 471 3476 526 ns

296 572 365 635 3&2
389 562 572 622 W361;
604 556 694 610 καὶ
724 556 842 624 ἐγώ
870 561 1007 632 εἰμι
1035 567 1341 630 ἀπόστολος
1373 572 1504 641 πρὸς
1540 571 1594 621 σὲ
1625 568 1805 637 σκληρι

1972 570 2110 623 Dura
2131 586 2226 638 ego
2259 568 2482 621 immitto
2511 582 2667 635 super
2694 575 2762 619 te.
2808 566 2871 619 Et
2898 567 3132 635 Ingressa
3170 573 3251 619 est
3275 564 3390 617 Auo
3413 563 3476 615 ad

305 659 536 718 Ἄλλως,
566 651 645 703 ὅτι
668 647 792 701 τάδε
823 648 998 718 λέγει
1041 657 1274 729 Κύριος,
1297 659 1506 728 Σκληρᾶ
1531 658 1635 725 ἐγὼ
1670 660 1814 710 ὲπαπ

1971 659 2234 711 hominem
2291 658 2401 718 Dei,
2433 664 2485 709 et
2514 655 2648 707 dixit
2676 654 2725 706 ei
2759 653 2922 706 Aeliia
2949 673 2961 706 :
2994 652 3063 706 Ut
3084 653 3207 721 quid
3257 650 3477 705 attulisti

310 746 495 801 στέλλω
520 743 606 795 ἐπὶ
631 740 706 792 σέ.
736 740 857 792 Καὶ
888 746 1163 816 εἰσῆλθεν
1197 749 1332 801 Ἀνὼ
1364 749 1495 817 πρὸς
1531 748 1618 799 τὸν
1669 746 1819 815 ἄνθρι

1973 747 2099 799 mihi
2128 761 2289 814 panes
2336 753 2389 797 et
2437 757 2613 804 uvam,
2644 751 2697 794 et
2724 740 3026 809 eollyridas,
3061 750 3112 793 et
3134 756 3225 794 vas
3260 738 3430 792 mellis
3457 737 3478 787 2

319 856 409 894 τιον
433 835 516 890 τοῦ
544 830 695 892 Θεοῦ.
721 829 820 884 καὶ
854 827 1029 888 εἶπεν
1062 840 1205 908 αὐτῇ
1243 838 1409 906 Ἀχιὰ,
1441 836 1597 889 Ἱνατί
1625 835 1828 903 ὲνήνοχέ

1982 833 2095 885 Vul.
2120 831 2334 885 Audivit
2370 831 2530 883 Aliias
2575 830 2804 883 sonitum
2836 827 3025 895 pedum
3058 826 3171 892 ejus
3207 827 3476 878 introeun-

333 947 408 1001 μοι
435 930 636 998 ἄρτους,
658 923 751 977 καὶ
778 926 1100 996 σταφυλὴν,
1129 929 1222 981 καὶ
1241 927 1510 998 κολλύρια,
1530 925 1619 977 καὶ
1643 924 1841 992 στάμνο

1970 922 2037 975 tis
2068 935 2158 988 per
2185 920 2402 981 ostium,
2433 927 2486 971 et
2508 919 2580 971 ait
2611 936 2624 969 :
2660 915 2954 985 Ingredere,
2987 928 3122 967 uxor
3151 913 3429 967 Jeroboam
3463 931 3473 964 :

339 1018 561 1088 μέλιτος
1969 1024 2133 1076 quare
2164 1008 2319 1061 aliam
2370 1015 2420 1059 te
2476 1021 2592 1059 esse
2647 1002 2906 1059 simulas?
2950 1016 3047 1070 ego
3077 1010 3252 1055 autem
3283 1005 3480 1054 missus

1969 1110 2087 1150 sum
2116 1094 2179 1147 ad
2212 1104 2262 1147 te
2289 1093 2454 1147 durus
2489 1092 2722 1144 nuntius.

349 1258 409 1322 Χ
432 1253 589 1323 6οὰμο
627 1251 767 1305 Τάδε
800 1252 956 1320 λέγει
997 1253 1202 1323 Κύριος
1229 1256 1255 1306 ὁ
1291 1255 1417 1316 Θεὸς
1452 1251 1690 1324 Ἰσραήλ·
1735 1250 1858 1302 Ἀνθ

1974 1254 2041 1317 >κ
2068 1247 2233 1303 extuli
2266 1258 2317 1303 te
2341 1262 2370 1302 e
2402 1245 2573 1299 medio
2606 1242 2802 1311 populi,
2831 1247 2883 1294 et
2906 1240 3022 1294 dedi
3061 1249 3109 1293 te
3156 1239 3344 1292 ducem
3394 1252 3482 1290 su-

352 1348 413 1411 )1
436 1339 491 1397 οὗ
517 1344 633 1396 ὅσον
660 1341 851 1410 ὕψωσᾶ
880 1358 941 1394 σε
970 1343 1078 1395 ἀπὸ
1115 1343 1276 1412 μέσου
1302 1342 1392 1395 τοῦ
1415 1343 1561 1403 λαοῦ,
1583 1342 1673 1394 καὶ
1699 1338 1861 1392 ἔδωκά

1973 1343 2036 1405 ΒΞ(
2066 1352 2157 1407 Ρεΐ
2176 1338 2424 1407 populum
2448 1334 2625 1389 Israel.
2662 1331 2774 1405 Vul.
2806 1329 2967 1393 Vade,
2992 1338 3043 1381 et
3065 1327 3147 1381 dic
3169 1327 3446 1381 Jeroboam
3469 1343 3480 1377 :

346 1437 410 1500 Χ
438 1450 493 1486 σε
517 1432 807 1501 ἡγούμενον
841 1433 935 1484 ἐπὶ
960 1431 1051 1485 τὸν
1074 1433 1202 1484 λαὸν
1239 1432 1466 1501 Ἰσραήλ.

1976 1426 2091 1479 Haec
2111 1426 2239 1478 dicit
2270 1425 2523 1478 Dominus
2564 1421 2701 1474 Deus
2724 1418 2915 1472 Israel:
2947 1416 3076 1481 Quia
3098 1417 3320 1470 exaltavi
3351 1426 3399 1468 te
3423 1416 3485 1468 de

343 1526 513 1582 medio
535 1526 738 1595 populi,
774 1534 829 1580 et
868 1525 990 1580 dedi
1048 1538 1100 1580 te
1154 1526 1346 1579 ducem
1399 1539 1556 1593 super
1612 1522 1862 1591 populum
1900 1534 2077 1573 meum
2110 1518 2290 1572 Israel.

340 1683 403 1747 Χ
423 1678 593 1731 ἔδωκα
619 1678 751 1730 αὐτό
784 1694 885 1740 σοι,
933 1677 1027 1729 καὶ
1072 1676 1169 1728 οὐκ
1214 1676 1391 1742 ὲγένου
1436 1675 1507 1736 ὡς
1561 1672 1735 1733 δοῦλός
1770 1688 1849 1738 μοι

1977 1674 2038 1735 >ξ<
2069 1676 2126 1721 ιιι
2177 1681 2360 1722 servus
2400 1680 2549 1719 meus
2599 1663 2783 1728 David,
2819 1663 2907 1732 qui
2937 1660 3216 1715 custodivit
3243 1656 3486 1711 mandata

342 1778 403 1837 ῖς(
432 1769 611 1832 Δαυὶδ,
649 1768 709 1831 ὃς
742 1766 971 1835 ἐφύλαξε
998 1766 1092 1828 τὰς
1118 1765 1330 1826 ἐντολάς
1366 1781 1462 1833 μου
1482 1803 1495 1825 ,
1531 1764 1621 1815 καὶ
1659 1762 1715 1823 ὃς
1745 1763 1851 1813 ὲπο·

1976 1759 2040 1821 >ε<
2068 1770 2205 1819 mea,
2226 1762 2279 1807 et
2309 1754 2398 1821 qui
2416 1751 2699 1805 ambulavit
2725 1761 2840 1819 post
2862 1765 2945 1804 me
2972 1750 3020 1802 in
3054 1757 3163 1802 toto
3190 1747 3348 1801 corde
3370 1762 3484 1808 suo,

431 1858 594 1929 ρεύθη
624 1857 799 1909 ὀπίσω
836 1872 933 1924 μου
964 1857 1022 1906 ὲν
1055 1854 1202 1925 πάσῃ
1234 1852 1425 1921 καρδία
1450 1848 1608 1902 αὑτοῦ
1634 1849 1722 1901 τοῦ
1754 1865 1851 1899 ποι-

1977 1848 2041 1912 )ι(
2072 1844 2314 1899 faciendo
2348 1852 2551 1898 rectum
2582 1844 2633 1894 in
2660 1835 2842 1895 'oeulis
2871 1841 3022 1894 meis.
3078 1838 3225 1906 Vulg.
3256 1837 3320 1889 Et
3359 1837 3486 1891 scidi

341 1953 401 2015 31(
428 1927 553 2017 ἧσαι
572 1947 634 1998 τὸ
674 1946 830 2007 sese;
853 1946 911 1995 ἐν
933 1943 1223 2012 ὀφθαλμοῖς
1258 1958 1374 2009 μου.

1977 1948 2195 2002 regnum
2231 1934 2422 1987 domus
2457 1932 2616 1985 David
2672 1940 2724 1984 et
2771 1930 2887 1984 dedi
2927 1928 3052 1982 illud
3102 1927 3226 1990 tibi,
3289 1933 3341 1979 et
3385 1940 3485 1977 non

335 2042 479 2107 fuisti
509 2041 650 2095 sicut
671 2054 863 2094 servus
899 2052 1052 2092 meus
1078 2035 1262 2099 David,
1285 2035 1374 2103 qui
1403 2031 1686 2087 eustodivit
1736 2028 1979 2084 mandata
2029 2043 2164 2093 mea,
2203 2038 2253 2082 et
2275 2038 2485 2082 secutus
2509 2034 2591 2079 est
2626 2040 2709 2078 me
2734 2024 2784 2076 in
2817 2031 2925 2077 toto
2954 2020 3111 2077 corde
3143 2033 3259 2082 suo,
3294 2017 3491 2071 faciens

336 2132 473 2201 quod
498 2131 756 2200 placitum
788 2128 1007 2183 essetin
1033 2134 1315 2196 conspectu
1345 2139 1479 2179 meo.

347 2285 407 2348 ῖς(
436 2298 523 2335 :eu
541 2297 556 2312 ⁶
586 2281 681 2334 καὶ
700 2278 1023 2350 ὲπορεύθης,
1066 2277 1158 2330 καὶ
1179 2275 1430 2342 ἐποίησας
1479 2272 1682 2340 σεαυτῷ
1723 2268 1856 2321 θεοὺς

1984 2268 2043 2330 ζει(
2074 2263 2197 2315 dum
2232 2275 2337 2323 me,
2370 2268 2421 2312 et
2448 2273 2527 2311 me
2554 2255 2815 2325 proiecisti
2839 2264 2956 2323 post
2980 2263 3046 2307 te.
3086 2253 3232 2318 Vulg.
3261 2252 3357 2304 Sed
3376 2265 3493 2318 ope-

347 2342 407 2437 X
432 2370 651 2440 ἑτέρους
675 2370 770 2421 καὶ
794 2342 1037 2437 iumen—td
1067 2365 1160 2418 τοῦ
1190 2364 1509 2434 παροργίσαι
1540 2379 1625 2431 με,
1660 2360 1749 2412 καὶ
1781 2359 1856 2427 ἐμὲ

1985 2362 2125 2404 ratus
2150 2362 2207 2402 es
2241 2348 2377 2400 mala
2413 2360 2568 2411 super
2612 2358 2792 2397 omnes
2822 2359 2910 2411 qui
2944 2342 3156 2395 fuerunt
3190 2350 3307 2393 ante
3339 2351 3409 2401 te,
3443 2347 3494 2391 et

348 2428 408 2525 ᾖ
436 2428 663 2527 Epidici;
693 2428 870 2508 ὀπίσω
900 2470 1011 2505 σου.
1271 2428 1282 2434 ’
1334 2428 1345 2434 τ
1378 2428 1385 2430 ἡ
1543 2428 1551 2431 ν

1986 2439 2151 2493 iecisti
2184 2436 2279 2490 tibi
2303 2437 2426 2490 deos
2448 2435 2647 2505 alienos
2673 2441 2725 2487 et
2764 2432 3074 2494 conﬂatiles,
3103 2438 3159 2482 ut
3185 2443 3267 2482 me
3300 2429 3363 2480 ad
3391 2428 3495 2479 ira-

1958 2528 2227 2608 vcundiam
2252 2540 2587 2594 provocares,
2622 2539 2707 2578 me
2728 2536 2902 2577 autem
2927 2520 3191 2590 projecisti
3227 2527 3344 2586 post
3371 2533 3492 2570 eor-

1984 2634 2082 2688 pus
2103 2625 2273 2670 tuum.

354 2805 415 2869 x
439 2797 698 2867 οὑροῦντα
728 2794 865 2863 πρὸς
895 2795 1090 2861 τοῖχον,
1156 2790 1471 2859 ὲπεχόμενον
1529 2788 1616 2840 καὶ
1658 2788 1863 2840 καταλε·

1983 2792 2047 2854 >ἐ<
2077 2803 2235 2857 super
2264 2787 2474 2841 domum
2501 2784 2798 2845 .leroboam,
2817 2783 2952 2837 sicut
2982 2782 3244 2849 colligitur
3274 2788 3492 2841 stercus,

356 2895 413 2953 3s:
441 2886 728 2955 λειμμὲνον
767 2885 827 2935 ὲν
862 2880 1093 2952 Ἰσραὴλ,
1124 2880 1215 2931 καὶ
1246 2878 1468 2943 ἐπιλέξω
1497 2878 1585 2930 ἐπὶ
1607 2878 1748 2929 οῐκου
1784 2878 1865 2927 Ὶε-

1988 2877 2047 2941 >κ
2080 2877 2248 2929 donec
2272 2884 2616 2942 consumptus
2647 2872 2819 2925 fuerit.
2850 2870 2995 2940 Vulg.
3026 2869 3223 2923 Idcirco
3255 2882 3376 2924 ecce
3402 2883 3497 2936 ego

356 2979 414 3041 »ζ
447 2973 653 3044 ροΰοὰμ
686 2970 871 3033 καθὼς
908 2969 1213 3035 ὲπιλέγεται
1240 2969 1270 3035 ή
1298 2966 1513 3035 κόπρος.
1546 2965 1646 3028 ἓως
1674 2965 1865 3017 τελειω

1992 2965 2229 3019 inducam
2257 2964 2389 3017 mala
2426 2978 2583 3032 super
2630 2963 2841 3017 domum
2888 2959 3188 3020 Jeroboam,
3231 2965 3285 3011 et
3316 2970 3501 3025 percu-

356 3068 415 3130 )ι(
439 3063 592 3132 θῆναι
625 3060 812 3114 αὐτόν.

1989 3054 2115 3106 tiam
2144 3052 2209 3106 de
2237 3052 2516 3107 Jeroboam
2540 3052 2857 3119 mingentem
2890 3049 2953 3102 ad
3003 3048 3251 3117 parietem
3278 3054 3330 3100 et
3357 3045 3498 3099 clau-

1990 3155 2130 3200 sum,
2149 3141 2561 3195 ctuovissimum
2591 3141 2643 3192 in
2675 3139 2835 3193 Israel
2862 3157 2873 3191 :
2904 3144 2955 3190 et
2977 3136 3239 3190 mundabo
3257 3132 3501 3203 reliquias

354 3242 537 3297 domus
566 3240 859 3297 Jeroboam
891 3238 1031 3293 sicut
1056 3234 1302 3290 mundari
1336 3234 1470 3288 solet
1529 3232 1683 3287 (imus
1715 3247 1883 3300 usque
1917 3233 1980 3287 ad
2007 3250 2217 3302 purum.

358 3490 420 3553 »ζ
448 3503 532 3538 ται
557 3487 606 3537 ol
640 3483 825 3546 κύνες,
852 3482 945 3533 καὶ
973 3479 1063 3532 τὸν
1083 3476 1374 3547 τεθνηκότα
1413 3477 1469 3527 ὲν
1499 3475 1575 3540 τῷ
1620 3476 1767 3544 ἀγρῳ
1796 3492 1863 3528 κα

1993 3481 2057 3545 >ιί
2087 3493 2209 3534 aves
2232 3478 2374 3543 caali,
2402 3477 2526 3548 quia
2558 3475 2810 3530 Dominus
2834 3475 3041 3529 locutus
3072 3480 3169 3526 est.
3227 3470 3373 3540 Vulg.
3402 3469 3502 3535 Qui

359 3574 743 3643 )(zacpéysza:
780 3570 848 3624 τὰ
884 3568 1099 3622 πετεινὰ
1139 3566 1231 3618 τοῦ
1270 3565 1492 3636 οὐρανοῦ
1520 3581 1533 3594 ·
1572 3565 1649 3617 ὃτι
1698 3564 1868 3633 Κύριο.

1996 3573 2189 3627 mortui
2243 3570 2439 3625 fuerint
2469 3567 2535 3624 de
2575 3566 2852 3621 Jeroboam
2886 3564 2937 3618 in
2967 3563 3194 3626 civitate,
3228 3561 3505 3616 comedent

362 3670 424 3732 ζα(
452 3664 677 3733 ἐλάλησε
1995 3676 2089 3714 eos
2114 3675 2310 3714 canes:
2350 3658 2439 3727 qui
2468 3664 2643 3709 autem
2678 3654 2873 3709 mortui
2899 3653 3095 3707 fuerint
3137 3652 3191 3705 in
3234 3666 3380 3722 agro,
3406 3666 3498 3705 vo-

1994 3749 2185 3803 rabunt
2210 3762 2301 3802 eos
2322 3762 2446 3800 aves
2490 3745 2607 3799 coeli
2634 3758 2646 3794 :
2672 3743 2793 3813 quia
2824 3742 3076 3797 Dominus
3104 3742 3310 3797 locutus
3339 3749 3436 3796 est.

368 3919 428 3982 Χ
458 3914 535 3976 εἰς
556 3909 704 3967 οἶκόν
731 3929 846 3965 σου.
893 3911 979 3963 Ἐν
1010 3905 1085 3978 τῷ
1116 3907 1449 3977 εἰσέρχεσθαι
1471 3908 1591 3969 τοὺς
1618 3906 1776 3969 πόδας
1805 3921 1877 3956 σοι

1999 3902 2061 3970 ξι(
2096 3903 2261 3954 rietur
2287 3897 2555 3968 puerulus.
2600 3895 2745 3964 Vulg.
2792 3894 2869 3949 Tu
2901 3894 3061 3963 igitur
3084 3911 3259 3964 surge,
3293 3904 3345 3948 et
3377 3881 3508 3948 "ﬂe

371 4009 431 4069 3K
454 4004 547 4073 τὴν
577 4003 733 4056 πόλιν
764 3999 1108 4053 ἀποθανεῖται
1129 3996 1189 4048 τὸ
1218 3996 1511 4064 παιδάριον.

2000 3991 2051 4042 in
2077 3989 2290 4041 domum
2323 3996 2465 4038 tuam
2501 4002 2513 4036 :
2541 3993 2591 4036 et
2623 3984 2672 4035 in
2704 3984 2819 4049 ipso
2848 3983 3060 4036 introitu
3086 3987 3273 4051 pedum
3299 3992 3505 4035 tuorum

2003 4078 2058 4128 in
2084 4076 2284 4137 urbem,
2308 4076 2561 4128 morietur
2586 4084 2732 4139 puer.

372 4241 434 4304 Χ
463 4239 581 4290 Ὅτι
608 4228 765 4296 οὗτος
795 4232 951 4303 μόνος
976 4230 1334 4285 εἰσελεύσεται
1356 4229 1430 4297 τῷ
1466 4227 1735 4297 Ἱεροϐοὰμ
1769 4227 1881 4295 πρὸς

2004 4231 2071 4295 >κ
2093 4227 2257 4281 Deum
2288 4229 2448 4282 Israel
2480 4228 2533 4281 in
2555 4228 2712 4282 domo
2744 4225 3041 4280 Jeroboam.
3085 4222 3231 4290 Vulg.
3266 4219 3328 4272 Et
3358 4219 3507 4288 plan—

374 4333 433 4395 Χ
458 4328 643 4395 τάφον,
672 4327 758 4378 ὃτι
790 4323 983 4394 εὑρέθη
1029 4324 1087 4373 ὲν
1111 4320 1255 4389 αὑτῷ
1288 4320 1434 4388 ῥῆμα
1456 4317 1612 4368 καλὸν
1658 4317 1781 4384 περὶ
1804 4314 1883 4367 τοί

2004 4325 2226 4385 geteum
2270 4315 2445 4369 omnis
2470 4315 2648 4381 Israel,
2689 4323 2742 4368 et
2771 4312 2985 4381 sepeliet
3016 4329 3028 4363 :
3060 4311 3157 4364 iste
3186 4308 3323 4361 enim
3368 4306 3511 4359 solus

374 4394 435 4487 χ
457 4394 657 4488 Κυρίου
690 4413 829 4468 Θεοῦ
874 4411 1083 4481 Ἰσραὴλ
1116 4412 1173 4462 ὲν
1204 4409 1333 4476 οἴκῳ
1373 4405 1663 4476 Ἰεροὸοὰμ.

2006 4406 2261 4460 inferetur
2293 4406 2355 4458 de
2381 4403 2662 4459 Jeroboam
2699 4404 2750 4455 in
2789 4401 3084 4470 sepulcrum
3107 4438 3122 4462 ,
3160 4396 3284 4464 quia
3333 4394 3514 4446 inven-

2007 4506 2093 4550 tus
2118 4505 2198 4548 est
2231 4509 2390 4561 super
2417 4509 2481 4548 eo
2506 4507 2681 4547 sermo
2707 4492 2877 4544 bonus
2900 4505 2929 4542 a
2956 4487 3176 4542 Domino
3207 4484 3312 4537 Deo
3334 4481 3512 4545 Israel,

2007 4589 2060 4641 in
2086 4586 2242 4640 domo
2279 4583 2576 4637 Jeroboam.

378 4852 439 4915 Χ
465 4849 520 4911 δς
553 4847 746 4915 πλήξει
786 4842 875 4895 τὸν
913 4834 1056 4891 οἷκον
1097 4832 1369 4903 Ἱεροϐοὰμ
1406 4830 1571 4903 ταύτῃ
1601 4833 1663 4899 τῇ
1706 4829 1887 4898 ἡμέρᾳ

2018 4826 2167 4892 Vulg.
2204 4822 2492 4877 Constituit
2513 4828 2684 4873 autem
2715 4817 2811 4871 sibi
2870 4815 3120 4869 Dominus
3148 4829 3321 4882 regem
3360 4828 3516 4883 super

376 4904 438 5002 "X‘
464 4904 555 4988 καὶ
584 4904 852 4997 ἐτι-καίγε
880 4926 1001 4981 νῦν..
1134 4931 1151 4943 ί

2011 4916 2193 4979 Israel,
2227 4914 2315 4983 qui
2342 4911 2598 4981 percutiet
2618 4909 2830 4962 domum
2862 4904 3137 4959 Jeroboam
3162 4905 3211 4956 in
3236 4905 3333 4958 hac
3352 4905 3517 4968 die,et

2012 5009 2063 5061 iu
2092 5010 2189 5060 hoc
2217 5016 2447 5074 tempore

380 5277 443 5337 χ
468 5254 731 5330 ὲνῧδατι,
786 5264 880 5317 καὶ
912 5259 1110 5313 ὲκτιλεῖ
1140 5257 1229 5309 τὸν
1264 5256 1474 5326 Ἰσραὴλ
1518 5254 1620 5306 ἀπὸ
1666 5254 1772 5306 ἄνω
1818 5252 1913 5319 τῆς
2012 5233 3227 5314 Xdeditpatribuseorum,etventilabiteosde
3254 5244 3398 5291 trans
3418 5237 3519 5289 ﬂu-

383 5324 448 5425 ἓιέ
474 5356 659 5427 χθόνος
682 5324 781 5419 τίῆς
802 5347 1011 5415 ἀγαθῆς
1042 5342 1260 5410 ταύτης,
1379 5324 1539 5393 ἕδὼκε
1575 5340 1683 5399 τοῖς
1712 5336 1888 5404 πατρά

2014 5341 2077 5404 )af
2106 5351 2249 5399 men,
2270 5339 2542 5400 propterea
2593 5326 2734 5396 quod
2765 5324 3002 5380 fecerunt
3034 5326 3182 5380 lucos
3225 5341 3368 5391 suos,
3399 5341 3519 5394 pro-

387 5453 449 5516 x
478 5465 561 5500 σιν
591 5441 791 5505 αὐτῶν,
823 5437 917 5489 καὶ
950 5435 1203 5501 λικμήσει
1239 5431 1427 5492 αὐτοὺς
1474 5429 1576 5481 ἀπὸ
1619 5428 1782 5492 πέραν
1826 5424 1896 5477 τοὶ

2016 5430 2080 5491 >θ<
2109 5430 2359 5477 vocantes
2387 5418 2688 5472 Dominum.
2722 5415 2870 5485 Vulg.
2901 5414 2964 5468 Et
2991 5415 3246 5484 percutiet
3267 5414 3520 5468 Dominus

390 5504 453 5601 ἐμὲ
478 5529 722 5600 ποταμοῦ
772 5523 890 5577 ἀνθ’
931 5513 991 5572 οὗ
1026 5519 1146 5569 ὅσον
1190 5516 1440 5587 ἐποίησαν
1477 5517 1541 5569 τὰ
1584 5515 1714 5582 ἄλση
1748 5511 1899 5565 oro—.5»

2012 5515 2151 5568 Deus
2192 5512 2374 5574 Israel,
2410 5511 2549 5564 sicut
2580 5507 2774 5561 moveri
2810 5506 2941 5560 solet
2987 5505 3189 5558 arundo
3241 5504 3292 5557 in
3341 5518 3475 5570 aqua
3507 5519 3518 5553 ;

482 5591 915 5691 napo‘pylaavta;
942 5609 1036 5661 τὸν
1068 5604 1278 5673 Κύριον.

2014 5612 2065 5657 et
2086 5602 2271 5657 evellet
2307 5598 2467 5653 Israel
2494 5597 2557 5651 de
2597 5605 2735 5650 terra
2759 5598 2894 5651 bona
2923 5597 3040 5658 bac,
3071 5609 3226 5661 quam
3257 5591 3395 5644 dedit
3429 5604 3519 5654 pa-

390 5684 800 5771 tribus-corum,
823 5710 878 5757 et
910 5694 1182 5752 ventilabit
1213 5710 1302 5749 eos
1335 5706 1477 5753 trans
1524 5698 1713 5751 ﬂumen
1747 5715 1756 5749 :
1794 5696 1915 5764 quia
1954 5693 2189 5749 fecerunt
2210 5691 2307 5747 sibi
2341 5690 2511 5752 lucos,
2549 5694 2605 5740 ut
2627 5686 2893 5742 irritarent
2916 5684 3211 5739 Dominum.
