3964 6510
346 365 454 423 255
1343 368 1815 427 IIEXAPLORUM
1852 370 2018 436 QUAE
2060 367 2481 426 SUPERSUN'I‘.
3491 360 3603 417 250

1420 485 1674 547 CAPUT
1703 488 1818 548 XV
1856 486 2005 548 LIB.
2040 486 2066 546 Ι
2106 486 2472 549 PARALIP.

607 577 692 632 ΤΟ
731 578 1097 636 ΕΒΡΑΙΚΟΝ.
1741 587 1828 637 ΤΟ
1870 584 2219 640 ΕΒΡΑΙΚΟΝ
2949 581 3243 638 ΑΚΥΔΔΣ.

1639 654 1968 726 Ἑλληνικοῖς
2005 657 2313 727 γράμμασι.

972 753 1045 803 Ὠ
1076 751 1210 805 TER
1247 744 1314 798 27
1528 745 1620 800 27.

1528 745 1620 800 27.
2641 745 2730 799 27.
2767 743 3087 815 Ἑπένδυμα.

423 901 674 959 VERSIO
707 901 1031 960 HEBRAICI
1072 905 1278 962 TEXT.

411 997 501 1051 27.
535 996 725 1067 Ephod
753 997 978 1056 lineum.

1653 906 1983 964 VULGATA
2011 906 2279 966 LATINA.
2998 906 3260 976 QQUILA.

1529 997 1617 1055 27.
1658 1001 1846 1071 Ephod
1881 999 2045 1056 lineo.
2643 995 2734 1052 27.
2761 998 3310 1069 Superindumentum

1879 1163 2062 1224 Nota.

417 1256 482 1319 V.
513 1260 603 1316 27.
659 1263 762 1330 ’A.,
791 1263 1069 1335 ὲπένδυμα
1104 1271 1209 1320 etc.
1242 1264 1350 1321 Has
1393 1265 1653 1322 lectiones
1707 1266 1924 1323 exhibet
1962 1267 2083 1322 cod.
2111 1266 2239 1336 Reg.

1422 1443 1678 1506 CAPUT
1709 1444 1856 1505 XVI
1893 1443 2040 1504 LIB.
2076 1445 2100 1504 ι
2137 1443 2526 1524 PARALIP,

615 1543 700 1596 ΤΟ
737 1543 1104 1599 ΕΒΡΑΙΚΟΝ.
1743 1544 1829 1596 ΤΟ
1869 1543 2180 1596 ΕΒΡΑῙΚΟῘ

1743 1544 1829 1596 ΤΟ
1869 1541 2216 1596 ΕΒΡΑΙΚΟΝ
2936 1537 3223 1602 ΑΚΥΔΔΣ

1649 1612 1973 1684 Ἑλληνικοῖς
2012 1613 2320 1684 γράμμασι.

1013 1690 1240 1767 mn‘m
1281 1707 1306 1761 ι
1529 1707 1580 1762 t.
2640 1704 2691 1758 ι.

460 1935 712 1990 VERSIO
746 1935 1065 1994 IIEBBAICI
1105 1939 1313 1998 ΤΕΧΤ.
1719 1938 2002 1995 ULGATA
2039 1937 2318 1996 LATINA.
2957 1933 3234 2005 AQUILA.

423 2028 476 2084 1.
517 2027 580 2081 Et
605 2027 851 2097 paciﬁca.
1529 2033 1580 2086 I.
1614 2032 1679 2088 Et
1717 2033 1962 2101 paciﬁca.
2645 2029 2697 2085 Ι.

1889 2193 2068 2254 Nota.

419 2285 485 2345 ν.
515 2290 566 2346 1.
595 2292 838 2357 Ἄλλος,
873 2289 1144 2362 εἰρηνικά.
1182 2289 1272 2346 Sic
1301 2291 1358 2346 in
1393 2291 1524 2348 edit.
1573 2291 1733 2347 Rom.
1768 2290 1984 2348 Videtur

1901 2301 1990 2347 tur
2013 2299 2194 2347 autem
2237 2307 2360 2349 esse
2397 2294 2575 2352 versio
2602 2296 2665 2348 Δ.
2702 2291 2759 2348 S.
2794 2290 2895 2347 Th.
2927 2289 3021 2362 qui
3049 2289 3130 2347 sic
3159 2287 3466 2361 frequenter

1389 2473 1642 2537 CAPUT
1675 2474 1854 2534 XVII
1911 2473 2119 2534 LIB.I
2169 2474 2534 2536 PARALIP.

620 2571 707 2623 ΤΟ
746 2570 1112 2624 ΕΒΡΑΙΚΟΝ.
1741 2571 1828 2623 ΤΟ
1868 2572 2213 2623 EBPAIKON
2935 2567 3214 2625 ΔΚΥΛΔΣ

1643 2639 1973 2712 Ἑλληνικοῖς
2009 2640 2320 2712 γράμμασι.

545 2739 775 2816 pwm1
809 2715 919 2790 5m:
933 2713 1060 2790 “an
1088 2713 1252 2789 ’Ἥκω
1288 2729 1322 2783 5
1533 2729 1588 2782 5.
2647 2728 2701 2783 5.

357 3015 708 3096 rimari-‘7:
742 3043 825 3092 nn
859 3040 1014 3096 mw
1054 3013 1216 3113 1:521
1248 3029 1393 3159 ἔξω
1539 3031 1626 3085 t9.
2643 3030 2728 3087 t9.

456 3259 710 3315 VERSIO
745 3259 1062 3314 HEBRAICI
1102 3257 1306 3313 TEXT.
1669 3257 1998 3315 VULGATA
2048 3257 2318 3314 LATINA.
2941 3257 3216 3326 AQUILA.

428 3351 480 3408 5.
509 3351 583 3405 De
616 3352 845 3406 tentorio
889 3351 944 3406 in
978 3350 1293 3418 tentorium,
1339 3359 1387 3404 et
1533 3350 1584 3403 5.
1635 3347 1850 3406 Mutans
1898 3351 2016 3406 loca
2053 3349 2409 3414 tabernaculi,
2446 3358 2501 3405 et
2645 3352 2697 3406 5.

357 3435 421 3478 oe
445 3422 812 3477 tabernaculo.
1460 3418 1514 3472 in
1543 3421 1790 3475 tentorio.

425 3652 512 3708 I9.
545 3651 611 3706 Et
639 3652 934 3707 secundum
975 3667 1072 3707 cor
1115 3660 1266 3706 tuum
1307 3650 1387 3708 fe-
1535 3651 1622 3706 I9.
1659 3649 1818 3706 Juxta
1854 3667 1949 3707 cor
1983 3660 2132 3706 tuum
2178 3650 2354 3707 fecisti
2378 3665 2497 3706 om-
2646 3649 2733 3704 I9.

358 3722 478 3779 cisti
522 3737 738 3778 omnem
769 3723 1198 3792 magnitudinem
1224 3723 1385 3777 hanc.
1465 3736 1590 3778 nem
1623 3723 2077 3792 magniﬁcentiam
2110 3724 2270 3778 hanc.

1026 3883 1200 3944 Nota)
1229 3891 1290 3943 et
1319 3881 1512 3945 varim
1548 3883 1858 3946 lectiones
1883 3883 1959 3944 ad
1995 3900 2132 3962 cap.
2168 3884 2345 3946 XVII
2381 3882 2495 3946 lib.
2527 3882 2553 3944 I
2588 3878 2854 3959 Paralip.

429 3979 496 4035 γ.
524 3981 578 4036 5.
606 3979 696 4037 Sic
723 3979 854 4053 Reg.
891 3992 948 4038 et
990 3991 1132 4040 notae
1165 3983 1296 4040 edit.
1323 3984 1482 4041 Rom.
1520 3983 1650 4056 Reg.
1683 3985 1847 4040 habet
1875 3987 1934 4038 ἐν
1972 4003 1994 4039 κ

768 3995 854 4053 eg.
891 3992 948 4038 et
990 3991 1132 4040 notae
1165 3983 1296 4040 edit.
1323 3984 1482 4041 Rom.
1520 3983 1650 4056 Reg.
1683 3985 1847 4040 habet
1875 3987 1934 4038 ἐν
1972 3984 2333 4056 καταλύματι.

1416 4159 1669 4222 CAPUT
1703 4161 1853 4220 XXI
1899 4161 2048 4222 LIB.
2098 4162 2125 4227 I~
2157 4159 2519 4222 PARALIP.

631 4259 719 4312 ΤΟ
756 4258 1123 4315 ΕΒΡΑΙΚΟΝ;
1746 4257 1832 4311 ΤΟ
1869 4259 2196 4312 EBPAIKOI‘

1746 4257 1832 4311 ΤΟ
1869 4259 2215 4312 EBPAIKON
2939 4255 3236 4310 ΑΚΥΛΔΣ.

1653 4328 1980 4398 Ἑλληνικοῖς
2016 4329 2325 4400 γράμμασι.

478 4427 739 4482 amt-nx
774 4401 934 4500 ’ῥῶ-ι
970 4430 1082 4480 ἫἸ
1112 4429 1255 4486 nam:
1290 4420 1323 4474 6
1538 4420 1591 4475 6.
2645 4418 2700 4472 6.

469 4717 719 4777 VERSIO
746 4719 1068 4776 HEBRAICI
1106 4717 1310 4774 TEXT.
1674 4718 2001 4776 VULGATA
2037 4717 2313 4775 LATINA.
2963 4720 3238 4790 AQUILA.

435 4808 489 4866 6.
553 4810 928 4870 Abominabile
996 4811 1102 4867 fuit
1179 4812 1400 4868 verbum
1545 4811 1598 4866 6.
1651 4812 1728 4868 Eo
1786 4815 1930 4881 quod
1978 4813 2116 4869 Joab
2166 4813 2368 4868 invitus
2411 4827 2506 4868 ex-
2653 4813 2707 4870 6.

369 4882 510 4954 regis
535 4883 636 4954 ipsi
668 4883 823 4939 Joab.
1474 4893 1790 4954 sequeretur
1818 4884 1961 4955 regis
1996 4885 2303 4955 imperium.

1893 5120 2072 5183 Nota.

444 5220 505 5282 ν.
536 5223 590 5283 6.
625 5225 853 5280 Ἀλλορ
903 5224 1271 5298 ποοσώχθισεν
1303 5225 1332 5280 ὁ
1352 5223 1530 5294 λόγος.
1562 5221 1622 5279 In
1645 5223 1786 5282 notis
1806 5225 1938 5283 edit.
1981 5225 2009 5281 Ii

1934 5267 1938 5281 .
1981 5225 2140 5284 Rom.
2174 5226 2308 5299 Reg.
2345 5241 2472 5287 vero
2496 5227 2595 5297 sic,
2627 5227 2688 5282 τὸ
2715 5227 2772 5282 δὲ
2802 5227 2951 5300 ῥῆμα
2978 5225 3070 5281 τοῦ
3105 5224 3364 5299 βασιλέως
3389 5234 3499 5283 etc.
