3824 6348
217 428 292 481 581

487 662 884 717 ΣΥΜΜΑΧΟΣ.

266 818 311 872 2.
337 820 455 889 Περὶ
477 818 720 887 γνώσεως
752 820 1093 891 πνεύματος.

269 906 317 960 4.

210 995 580 1132 τῴκὸἓὲναίδην
633 995 914 1066 ὡμίλησας
987 998 1197 1052 εναντία

264 1153 311 1205 5.

269 1307 311 1359 7.

261 1462 307 1518 8.
342 1464 581 1533 Ὁμιλίαν.

263 1689 334 1744 10.
354 1688 863 1762 Πολυχρονιώτερος.

258 2002 332 2057 12.
360 2004 419 2056 Ti
438 2004 515 2056 ὅτι
533 2004 703 2074 ὲπῇρέ
729 2023 790 2059 σε
816 2008 852 2077 ἡ
876 2006 1067 2077 καρδία
1087 2024 1197 2068 σονς

260 2330 337 2382 14.

257 2642 329 2696 15.
371 2643 494 2697 Ἰδοὺ
520 2643 579 2696 ἐν
609 2643 792 2711 ἁγίοις
821 2660 987 2696 αυτου
1028 2643 1199 2706 ουιιεὶς

208 2710 460 2782 ᾅτρεπτος.
484 2712 627 2782 κούδὲ
661 2710 897 2782 οὐρανὸς
935 2712 1196 2782 νᾰσπιλος,

213 2778 357 2847 (πόσῳ
378 2781 571 2849 μᾶλλον
603 2778 948 2849 ἄνθρωπος)

262 2868 326 2921 16.
350 2871 498 2940 Πόσῳ
531 2870 737 2938 μᾶλλον
762 2887 779 2934 ;

257 2951 327 3025 18.
363 2954 593 3025 Kalofi}
622 2956 941 3025 ἠρνήσαντο
966 2951 1070 3005 ἀπὸ
1093 2950 1200 3005 τῶν

201 3020 409 3090 πατέρων
432 3022 628 3075 αὐτῶν.

254 3110 329 3163 20.
373 3112 776 3175 Ἀλαςονεὺεται
788 3150 807 3164 .

442 3224 899 3281 SYMMACHUS.

253 3338 301 3390 2.
325 3338 472 3395 Circa
500 3340 796 3395 scientiam
835 3336 1073 3406 spiritus.

262 3429 304 3481 ι.

256 3583 313 3637 Et
380 3584 725 3653 impudenter
790 3582 1086 3637 collocutus
1146 3594 1205 3634 es

194 3656 437 3707 contraria
464 3653 596 3708 Deo.

263 3741 311 3797 5.

257 3898 303 3951 7.

255 4056 303 4109 8.
337 4057 707 4127 Colloquium.

261 4280 339 4338 10.
377 4281 720 4335 Provectior.

197 4593 369 4717 “1:31.,
391 4595 531 4660 Quid
588 4591 744 4664 quod
785 4591 972 4645 extulit
1014 4598 1063 4644 te
1121 4603 1215 4657 cor

260 4909 339 4962 1.1.

264 5222 341 5277 15.
382 5222 520 5274 Ecce
561 5222 618 5273 in
665 5217 868 5273 sanctis
900 5218 1011 5285 ejus
1056 5229 1216 5270 nemo

206 5305 297 5341 non
343 5290 649 5351 mutabilis,
688 5301 861 5353 neque
897 5287 1084 5339 caelum
1134 5294 1214 5353 est

206 5358 307 5410 sine
324 5351 797 5425 macula,(quantu
814 5357 975 5423 magis
998 5355 1159 5407 homo
1173 5351 1213 5419 7)

272 5442 351 5495 16.
389 5442 611 5507 Quanto
644 5438 860 5506 magis?

210 5607 234 5649 ⁵
272 5532 349 5603 18.
387 5532 452 5585 Et
477 5546 589 5584 non
624 5536 892 5595 negarunt
921 5543 951 5582 a
986 5525 1224 5598 patribus

236 5612 329 5649 uis.

236 5612 329 5651 uls.

274 5689 356 5739 20.
392 5691 734 5753 Arrogautcr
761 5684 889 5749 agit.

1508 427 1624 483 JOB
1658 425 1879 481 CAPUT
1917 426 2030 481 XV.

1460 536 1706 597 CAPUT
1747 537 1861 596 XV
1911 538 1940 594 J
1948 535 2071 595 OB.

1731 665 1805 716 0’.

1332 821 1385 873 ‘2.
1420 819 1687 879 Συνέσεως
1712 816 1941 886 πνεῦμα.

1332 906 1386 957 4.
1416 906 1487 957 Οὐ
1517 906 1608 957 καὶ
1641 906 1702 957 σὺ
1729 904 2039 971 ἀπεποιήσω
2066 901 2223 968 φόϐον
2255 919 2268 965 ;

1334 992 1659 1045 Συνετελέσω
1702 992 1758 1043 δὲ
1810 992 2022 1060 ῥήματα
2056 990 2272 1042 τοιαῦτα

1266 1061 1439 1114 ἔναντι
1469 1060 1560 1111 τοῦ
1584 1061 1800 1129 Κυρίου.

1338 1151 1388 1229 5.
1420 1149 1549 1200 Οὐδὲ
1574 1148 1837 1217 διέκρινας
1869 1149 2081 1218 ῥήματα
2121 1146 2272 1198 δυνα-

1271 1233 1423 1270 στων.

1336 1312 1387 1363 7.
1439 1311 1691 1378 Ἐπάγης.

1336 1465 1388 1519 8.
1416 1466 1482 1516 Ἢ
1497 1466 1689 1531 σῦνταγ
1698 1480 1770 1532 μα
1784 1463 1864 1532 Κυ
1871 1460 1982 1531 ρίου
2006 1461 2240 1532 ἀκήκοας
2257 1478 2270 1525 ;

1264 1536 1482 1653 ξδ’ᾼόιέος
1504 1532 1571 1602 ,ἢ
1604 1548 1665 1583 συ
1674 1530 1882 1601 μϐούλῳ
1907 1546 1986 1581 σοι
2013 1531 2275 1599 ἐχρήσατο

1362 1618 1385 1652 ε
1417 1618 1471 1665 ςν;

1339 1690 1423 1742 10.
1557 1687 1725 1754 Καίγε
1776 1662 2099 1755 πρεσϐύτης·
2125 1684 2278 1755 καίγε

1271 1757 1336 1823 )t(
1367 1752 1587 1817 παλαιὸς
1608 1752 1829 1823 ἐν’ήμῖν
1852 1752 2139 1823 βαρύτερος
2186 1752 2276 1804 τοῦ

1271 1821 1337 1892 Χ
1366 1825 1564 1895 πατρός
1592 1841 1681 1876 σου
1708 1821 1952 1891 ἧμέραις,

1337 2006 1422 2058 12.
1445 2006 1508 2057 Τί
1529 2005 1815 2073 ἐτόλμησεν
1845 2005 1878 2073 ἡ
1902 2003 2091 2073 καρδία
2124 2020 2245 2067 σου;

1340 2095 1409 2145 Ἦ
1438 2094 1488 2145 τι
1510 2094 1807 2161 ὑπήνεγκαν
1831 2092 1920 2156 (al.
1957 2090 2272 2161 ἐπήνεγκαν)

1266 2163 1312 2214 οἱ
1348 2158 1612 2228 ὀφθαλμοί
1660 2158 1780 2224 ceu;
1842 2158 2089 2228 "Asilae,
2147 2158 2180 2226 ἢ
2223 2159 2275 2209 τί

1267 2226 1555 2298 ἀνέϐλεψαν
1582 2231 1628 2280 οἱ
1656 2226 1913 2295 ὀφθαλμοί
1941 2243 2029 2277 σου
2052 2243 2067 2285 ς

1335 2318 1419 2371 14.
1446 2317 1537 2379 Τίς
1569 2316 1672 2384 γὰρ
1704 2314 1776 2367 ὣν
1814 2313 2026 2383 βροτός;

1334 2406 1403 2456 Ἦ
1437 2406 1510 2466 ὡς
1542 2405 1786 2473 ἐσόμενος
1806 2403 2005 2462 δίκαιος
2028 2400 2276 2470 γεννητὸς

1267 2473 1513 2541 γυναικός
1530 2489 1547 2538 ;

1334 2634 1420 2687 15.
1460 2635 1521 2685 Εἰ
1548 2632 1684 2686 κατὰ
1707 2631 1870 2692 ἁγίων
1922 2631 1980 2682 οὐ
2018 2629 2273 2692 πιστεύει,

1266 2702 1483 2782 οὐρανὸς
1507 2701 1559 2753 δὲ
1584 2702 1641 2752 οὐ
1673 2699 1901 2770 καθαρὸς
1928 2700 2161 2752 ἐναντίον
2189 2699 2280 2752 αὐ-

1267 2786 1379 2824 του.

1336 2860 1420 2913 16.
1450 2860 1549 2910 Ἔα
1576 2856 1650 2910 δέ.

1313 2949 1422 3035 ’18.
1456 2948 1560 2999 Καὶ
1610 2946 1707 2999 οὐκ
1755 2944 1990 3017 ἔκρυψαν
2049 2941 2276 3011 πατέρες

1270 3034 1462 3073 αυτων.

1339 3104 1427 3158 20.
1474 3104 1559 3155 Ἐν
1590 3101 1839 3171 φροντίδι.

1440 3218 1577 3272 LXX
1617 3212 2103 3271 INTERPRETES.

1336 3332 1390 3385 2.
1424 3330 1668 3385 δοίθιιῐίω
1694 3329 1931 3397 spiritus.

1340 3419 1603 3538 4.?Nonne
1647 3426 1700 3472 et
1733 3427 1786 3470 tu
1828 3415 2066 3486 repulisti
2114 3413 2274 3468 timo-

1340 3504 1382 3538 m

1272 3503 1382 3541 rem

1340 3571 1734 3626 Consummasti
1770 3580 1943 3626 autem
1984 3569 2148 3625 verba
2192 3576 2273 3620 ta-

1274 3644 1344 3696 lia
1380 3655 1555 3693 coram
1580 3640 1821 3692 Domino.

1276 3801 1309 3853 r
1343 3730 1396 3783 5.
1426 3727 1533 3783 Nec
1557 3727 1852 3796 dijudicasti
1894 3727 2053 3781 verba
2090 3732 2277 3793 poten—

1299 3814 1426 3852 ium.

1299 3814 1426 3852 tum.

1346 3887 1395 3939 7.
1422 3885 1710 3940 Concretus
1738 3898 1816 3939 es.

1347 4040 1398 4093 8.
1432 4043 1531 4093 Aut
1571 4040 1994 4093 constitutionem
2045 4036 2137 4091 Dei
2183 4052 2280 4090 au-

1279 4110 1437 4162 disti?
1459 4110 1630 4173 Alius,
1646 4122 1736 4162 aut
1760 4118 1811 4162 te
1830 4105 2130 4163 consiliario
2154 4120 2281 4160 usus

1279 4188 1359 4232 est
1389 4177 1525 4230 Deus
1552 4178 1574 4229 ?

1349 4268 1433 4319 10.
1460 4271 1524 4333 >ε<
1559 4264 1660 4318 Sed
1688 4274 1740 4318 et
1766 4278 1924 4318 senex
1960 4272 2013 4318 et
2044 4262 2282 4333 decrepi-

1283 4338 1346 4400 >ξ<
1384 4348 1465 4387 tus
1495 4338 1545 4386 in
1575 4334 1726 4386 nobis
1754 4340 1855 4393 est,
1885 4332 2093 4399 gravior
2116 4332 2282 4400 patris

1282 4407 1348 4471 Β(
1381 4405 1455 4456 tui
1487 4402 1689 4456 diebus.

1354 4583 1437 4636 12.
1466 4582 1602 4647 Quid
1633 4594 1820 4634 ausum
1851 4577 1947 4631 fuit
1976 4592 2067 4631 cor
2093 4575 2281 4629 tuum?

1351 4674 1453 4724 Aut
1476 4673 1601 4740 quid
1621 4671 1984 4726 sustinuerunt
2008 4668 2144 4720 oculi
2174 4666 2284 4740 tui?

1284 4741 1450 4859 Αζίἑιδ,
1481 4734 1532 4793 ét
1578 4741 1705 4809 quid
1752 4744 2095 4806 respexerunt
2142 4734 2281 4788 oculi

1284 4818 1358 4861 ιυι

1353 4897 1437 4950 14.
1469 4896 1597 4961 Quis
1625 4898 1764 4951 enim
1792 4912 1910 4951 cum
1941 4910 2097 4949 nomo
2133 4894 2202 4948 sit
2230 4893 2253 4945 ?

1355 4985 1459 5037 Aut
1518 4994 1783 5053 tamquam
1844 4985 2053 5039 futurus
2110 4982 2286 5050 justus

1281 5062 1439 5107 natus
1462 5053 1525 5107 de
1554 5054 1814 5107 muliere?

1351 5207 1437 5260 15.
1476 5206 1531 5260 Si
1564 5207 1618 5259 in
1658 5205 1856 5259 sanctis
1886 5218 1991 5257 non
2021 5201 2207 5262 credit,
2238 5210 2290 5254 et

1283 5278 1474 5332 caelum
1497 5290 1604 5328 non
1624 5284 1702 5327 est
1721 5276 1972 5326 mundum
2000 5278 2121 5322 ante
2142 5284 2286 5321 eum.

1355 5434 1439 5488 16.
1470 5432 1594 5486 Sine
1620 5444 1765 5484 vero.

1361 5524 1444 5576 18.
1496 5524 1561 5575 Et
1607 5535 1714 5574 non
1763 5517 2063 5571 celaverunt
2117 5522 2295 5581 patres

1292 5607 1497 5648 eorum.

1362 5682 1449 5734 20.
1479 5679 1535 5734 In
1563 5675 1913 5733 solicitudine.

3239 417 3343 472 582

2654 657 3036 712 ΘΕΟΔΟΤΙΩΝ.

2493 902 2567 957 Οὐ
2593 902 2697 971 γὰρ
2727 901 2787 952 σὺ
2818 899 3108 969 παρῃτήσω
3135 895 3291 963 φόϐον

2412 1159 2460 1211 5.
2482 1157 2588 1210 Καὶ
2611 1152 2830 1219 ἐξελέξω
2851 1150 3098 1221 γλῶσσαν
3118 1146 3342 1201 πανοῦρ-

2345 1245 2456 1295 γον.

2411 1295 2464 1348 7.

2412 1450 2462 1502 8.
2489 1447 2675 1501 Mue-:1»
2684 1462 2811 1497 οιον.

2418 1682 2501 1735 10.
2542 1683 2605 1746 >ε<
2639 1675 2809 1743 Καεγε
2853 1671 3153 1746 πρεσϐυτης
3192 1665 3346 1743 καεγε

2350 1732 2664 1818 Ἁ-ἆταλάἶὸς
2691 1732 2906 1818 ἐν’ᾐμῖν
2927 1732 3209 1809 βαρύτερος
3254 1732 3346 1787 τοῦ

2346 1811 2412 1889 >ῖ<
2445 1817 2642 1887 πατρός
2668 1830 2757 1865 σου
2784 1811 3029 1881 ἡμέραις.

2420 1999 2499 2048 ι’ὶ.
2530 1995 2594 2047 Τί
2634 1996 2720 2057 ,ὅτι
2772 1994 2937 2059 ἐπῃρε
2982 2003 3037 2038 σε
3076 1987 3108 2053 ὴ
3161 1979 3344 2051 καρδία

2345 2084 2434 2119 σου
2456 2082 2470 2129 ;

2412 2312 2495 2365 14.
2531 2310 2593 2361 Τί
2630 2311 2771 2360 ἐστιν
2799 2303 3107 2371 ἄνθρωποςί

2412 2402 2518 2453 Καὶ
2541 2400 2620 2451 ὅτι
2644 2393 3047 2461 δικαιωθήσεται
3070 2403 3086 2452 ;

2418 2627 2500 2680 15.

2418 2847 2505 2900 16.

2415 2936 2501 2989 18.

2415 3092 2502 3148 20.
2530 3084 2877 3144 Ματαιοῦται.

2661 3191 3042 3254 THEODOTIO

2410 3319 2464 3372 2.

2413 3407 2468 3459 4.
2492 3401 2605 3458 Non
2640 3398 2783 3455 enim
2812 3404 2868 3450 tu
2914 3388 3199 3461 repudiasti
3243 3400 3353 3439 me-

2343 3482 2451 3529 tum
2460 3512 2474 3527 .

2415 3719 2466 3773 5.
2492 3715 2557 3771 Et
2582 3711 2785 3782 elegisti
2808 3710 3040 3779 linguam
3064 3712 3347 3760 versutam.
3408 3746 3417 3753 .

2417 3878 2467 3929 7.

2417 4035 2468 4089 8.
2506 4031 2830 4087 Mvsterium.

2423 4258 2505 4311 10.
2636 4252 2738 4306 Sed
2763 4259 2817 4322 et
2843 4262 2995 4302 senex
3043 4254 3093 4322 et
3122 4239 3355 4322 decrepi-

2351 4331 2417 4393 >κ
2447 4320 2547 4378 tusi
2568 4320 2620 4377 in
2644 4321 2803 4393 nobis
2830 4326 2929 4379 est,
2961 4320 3136 4368 senior
3188 4320 3355 4378 patris

2349 4392 2418 4463 >κ
2450 4394 2526 4447 tui
2553 4392 2737 4445 diebus

2421 4575 2504 4627 1‘2.
2557 4571 2693 4637 Quid
2748 4568 2887 4637 quod
2934 4564 3120 4620 extulit
3167 4567 3216 4612 te
3264 4571 3357 4611 cor

2348 4654 2495 4699 tuum
2520 4642 2542 4693 ?

2425 4892 2506 4946 14.
2531 4889 2665 4955 Quid
2699 4893 2778 4939 est
2811 4882 2997 4937 homo?

2424 4978 2489 5032 Et
2521 4976 2660 5046 quod
2682 4966 3085 5043 justiﬁcabitur?

2431 5203 2514 5257 15.

2435 5427 2521 5480 16.

2433 5519 2516 5570 18.

2438 5669 2525 5723 20.
2550 5667 2730 5723 Vanus
2758 5666 2837 5720 ﬁt.
