3950 6486
190 366 299 427 $85

505 485 799 539 ΣΥΜΜΑΧ
807 486 908 541 ΟΣ.

258 799 612 885 7.“Ὠργςσθη
637 804 665 855 ὁ
693 802 862 871 θυμός
886 822 985 874 μου
1007 791 1109 871 σοὶ,
1129 808 1228 862 καὶ

186 870 298 933 τοῖς
320 871 472 923 δυσὶν
494 870 731 942 ἑταίροις
759 870 872 926 σου.

256 1000 276 1020 ο
304 1004 320 1020 .
344 1004 359 1019 .
384 965 581 1035 ὀρθῶς.

254 1123 309 1178 8.
352 1125 673 1198 Ἀναφορὰν.

266 1669 486 1739 Ἀληθὲς
512 1672 597 1724 ἐπ’
631 1671 785 1743 ἐμοῦ.

256 1918 311 1972 9.
364 1918 422 1971 '0
446 1918 574 1974 Σωῖ.

252 2011 595 2082 Ναμαθίτης.

215 2093 222 2099 ’
254 2104 368 2156 Καὶ
397 2106 709 2176 προσήκατο
737 2107 765 2158 ὀ
801 2106 932 2169 Θεὸς
968 2105 1029 2158 τὸ
1065 2105 1232 2176 πρόσ-

182 2190 333 2225 ωπον
370 2173 507 2227 Ἰώδ.

255 2266 344 2320 10.
403 2269 489 2320 Ἐν
513 2269 591 2339 τῷ
616 2269 1015 2341 προσεύξασθαι
1045 2272 1225 2326 αὐτόν.

254 2363 346 2416 n.
378 2363 535 2433 Πρίν.
1044 2352 1049 2361 “

253 2610 395 2679 Περὶ
422 2609 603 2679 πάσης
632 2610 729 2681 τῆς
752 2610 966 2674 κακίας.

268 2701 604 2773 Ἐπίρῤινον.

255 2794 345 2847 12.
388 2794 561 2865 ’Υπὲρ
594 2795 662 2848 τὰ
691 2792 1014 2866 ἔμπροσθεν.

256 2889 343 2941 14.
384 2890 622 2960 Ἰεμιμά.

492 3204 937 3262 SYMMACHUS.

258 3531 311 3585 7.
350 3529 531 3584 Iratus
558 3536 641 3581 est
672 3525 820 3580 furor
847 3539 1000 3582 meus
1029 3523 1147 3589 tibi,
1181 3532 1233 3580 et

180 3602 403 3656 duobus
431 3599 601 3654 sociis
631 3598 756 3652 tuis.

258 3732 273 3744 .
286 3730 297 3746 .
310 3699 501 3745 .recte.

249 3849 307 3905 8.
350 3847 724 3905 Oblationem.

254 4463 467 4520 Verum
501 4475 665 4532 super
686 4476 793 4517 me.

251 4715 310 4768 9.
342 4711 465 4767 Soi.

249 4802 624 4858 Namathites.

246 4895 321 4951 Et
346 4894 577 4950 admisit
607 4892 777 4947 Deum
800 4890 990 4948 faciem
1017 4885 1118 4944 ,1υῆ

249 5057 346 5112 10.
397 5054 457 5109 in
498 5053 706 5109 orando
740 5053 938 5124 ipsum.

252 5144 348 5199 11.
387 5141 574 5197 Prius.

250 5326 423 5380 Circa
464 5336 684 5377 omnem
713 5320 995 5376 malitiam.

250 5419 661 5470 Ornamentum
690 5413 924 5468 narium.

251 5507 348 5561 12.
389 5504 572 5573 Super
599 5504 799 5572 priora.

252 5595 349 5650 M.
388 5592 684 5650 Hiemima.

1487 378 1610 437 JOB
1643 380 1870 440 CAPUT
1911 383 2066 441 XLII.

1797 503 1874 553 0’.

1378 656 1525 728 "Hm
1534 676 1629 729 μαι
1655 660 1712 712 δὲ
1729 661 1963 730 ἐμαυτὸν
1989 661 2201 732 γῆνκαὶ
2223 678 2347 715 σπο·

1304 724 1411 780 δόν.

1377 817 1427 871 7.
1468 818 1748 889 Ἥμαρτες
1783 821 1846 873 σὺ
1880 821 1973 874 καὶ
2001 822 2047 875 ol
2083 820 2175 873 δύο
2204 821 2344 890 φίλοι

1307 902 1417 940 σου.

1376 978 1453 1051 0ςᾷ
1478 978 1585 1051 γὰρ
1606 979 1921 1051 Δἐλαλήσατε
1969 982 2195 1036 ἐνώπιόν
2244 999 2343 1051 μου

1304 1045 1499 1116 ἀληθὲς
1535 1045 1706 1103 οὐδέν.

1374 1141 1425 1195 8.
1468 1143 1578 1195 Καὶ
1612 1145 1827 1214 ποιήσει
1854 1144 2161 1215 κάρπωσιν.

1373 1232 1507 1302 Περὶ
1536 1234 1706 1303 ὑμῶν.
1742 1236 1975 1300 Ἄλλος,
2008 1236 2147 1308 ὑπὲρ
2169 1237 2342 1307 ὑμῶν.

1372 1324 1669 1398 “mmo?
1690 1324 2154 1398 mammam,“
2189 1329 2236 1398 εἰ
2270 1327 2345 1398 μὴ

1301 1390 1508 1465 γᾲρζδϋ
1542 1394 1737 1465 αὐτὸν.
1766 1390 2035 1465 ἀπώλεσα
2084 1397 2150 1465 ἂν
2179 1390 2341 1465 ὑμᾶς.

1305 1464 1389 1534 οι-
1408 1461 1604 1534 duci,
1637 1464 1926 1534 πρόσωπον
1960 1464 2125 1517 αὑτοῦ
2162 1461 2345 1534 παρα-

1300 1528 1540 1603 ᾷέρξομαι.
1567 1533 1634 1603 El.
1769 1533 1877 1603 γὰρ
1898 1533 1965 1584 δι’
1988 1534 2170 1597 αὐτὸν,
2197 1528 2346 1587 ἀπώ-

1299 1599 1434 1652 λεσα
1455 1599 1520 1652 ἂν
1556 1599 1719 1669 ὑμᾶς.

1385 1687 1623 1757 Ἀληθές.

1371 1776 1531 1828 Κατὰ
1559 1776 1652 1829 τοῦ
1689 1777 2017 1847 θεράποντάς
2044 1795 2167 1847 μουΔ
2203 1776 2341 1847 ξΙώδ,

1307 1848 1542 1911 Ἄλλος,
1570 1846 1645 1909 ὼς
1677 1849 1705 1900 ὁ
1736 1845 1919 1909 δοῦλός
1952 1845 2054 1914 μου
2099 1845 2237 1899 Ἰὼϐ.

1373 1936 1425 1989 9.
1475 1938 1532 1989 '0
1561 1935 1852 2005 Σαυχίτης.

1385 2026 1441 2079 '0
1472 2028 1717 2088 Μιναῖος.

1372 2119 1497 2188 Καὶν
1520 2119 1673 2171 ἔλυσε
1718 2117 1814 2188 τὴν
1853 2118 2130 2187 ἁμαρτίαν
2164 2118 2347 2180 αὐτοῖς

1301 2189 1387 2242 διὰ
1433 2187 1571 2243 Ἰὼϐ.

1374 2280 1462 2336 10.
1489 2278 1801 2347 Εὐξαμένου
1827 2278 1882 2330 δὲ
1915 2277 2103 2330 αὑτοῦ.

1374 2372 1399 2424 1
1416 2373 1460 2423 1.
1512 2372 1604 2423 Ἐκ
1639 2368 1872 2439 πρώτου.

1375 2458 1485 2509 Καὶ
1512 2455 1910 2525 παρεκάλεσαν.
1967 2455 2204 2519 Ἄλλος,
2256 2455 2346 2507 καὶ

1305 2544 1445 2597 παρε
1453 2525 1781 2596 μυθήσαντο.

1388 2617 1509 2669 Ἐπὶ
1550 2617 1733 2668 πᾶσιν.

1378 2704 1797 2775 Τετράδραχμον
1827 2703 2048 2771 χρυσοῦ.

1380 2793 1466 2848 12.
1508 2794 1579 2845 Ἢ
1605 2793 1673 2846 τὰ
1700 2791 2024 2861 ἔμπροσθεν.

1382 2884 1466 2937 14.
1510 2882 1767 2952 Ἡμέραν.
1799 2882 2002 2952 Ἄλλοι
2029 2921 2043 2945 ,
2101 2882 2344 2952 ὑέμημα,

1313 2956 1512 3024 ῢμιμαν
1534 2952 1749 3021 ὕμημαο
1782 2951 2027 3021 ὕσμημαα

1383 3043 1610 3097 Κασὶαν.
1643 3044 1855 3107 Ἄλλος
1873 3082 1886 3103 ,
1914 3040 2137 3096 Κεσίαν.

1482 3199 1619 3253 LXX
1662 3198 2169 3254 INTERPRETES.

1376 3360 1563 3414 Putavi
1594 3369 1774 3414 autem
1808 3374 1894 3413 me
1929 3367 2130 3413 terram
2183 3369 2236 3415 et
2267 3362 2346 3415 ci-

1305 3445 1511 3485 nerem.

1367 3524 1429 3605 .7.
1477 3524 1720 3579 Peccasti
1775 3532 1865 3589 tu,
1913 3534 1966 3579 et
2024 3525 2132 3579 duo
2188 3524 2349 3578 amici

1302 3603 1402 3649 tui.

1373 3682 1493 3739 Non
1524 3683 1667 3737 enim
1697 3683 1862 3737 locuti
1893 3682 2025 3737 estis
2050 3698 2234 3736 coram
2261 3698 2346 3739 me

1304 3768 1493 3808 verum
1532 3753 1834 3822 quidpiam.

1377 3844 1430 3899 8.
1473 3844 1539 3897 Et
1570 3842 1730 3897 faciet
1763 3843 2164 3898 holocaustum.

1376 4003 1482 4058 Pro
1503 4003 1681 4061 vobis.
1716 4002 1889 4067 Alius,
1928 4016 2093 4071 super
2121 4015 2238 4055 vos.

1377 4093 1594 4148 Faciem
1616 4094 1736 4162 ejus
1765 4092 2027 4161 accipiam
2057 4107 2209 4146 :nam
2230 4091 2352 4162 nisi

1306 4174 1527 4234 propter
1552 4161 1752 4234 ipsum,
1789 4161 2353 4234 pertiidissemutique

1306 4231 1425 4287 νοεῖ
1456 4233 1584 4298 Alii,
1618 4232 1814 4286 faciem
1860 4231 1981 4300 ejus
2022 4231 2339 4298 suscipiam.

1307 4301 1421 4357 Nisi
1449 4301 1595 4356 enim
1627 4304 1744 4372 ejus
1765 4303 1957 4371 gratia,
1992 4300 2346 4369 perdidissem

1307 4388 1426 4428 VOS.

1383 4461 1603 4515 Verum.

1379 4552 1578 4607 Contra
1655 4550 1915 4605 famulum
1983 4563 2163 4603 meum
2225 4546 2347 4602 Job.

1308 4621 1482 4685 Alius,
1506 4621 1649 4675 sicut
1672 4636 1862 4675 servus
1893 4632 2047 4672 meus
2073 4616 2191 4672 Job.

1379 4711 1431 4765 9.
1467 4710 1777 4766 Sauchites.

1380 4800 1627 4856 Minazus.

1307 4960 1333 5016 J
1377 4891 1445 5016 Et
1475 4894 1638 4948 solvit
1683 4901 1964 4962 peccatum
2008 4891 2087 4946 eis
2129 4898 2350 4960 prepter

1340 4977 1373 5016 ο
1415 5000 1430 5014 .

1340 4977 1430 5018 OD.

1384 5052 1469 5107 10.
1499 5051 1567 5106 Et
1591 5068 1717 5107 cum
1750 5053 1839 5108 ille
1866 5060 2120 5123 precatus
2157 5061 2322 5108 esset.
2384 5100 2387 5103 .

1382 5142 1470 5195 11.
1501 5142 1546 5193 Α
1572 5140 1865 5210 principio.

1384 5231 1451 5285 Et
1477 5232 1742 5286 consolati
1784 5240 1934 5286 sunt.
1963 5231 2135 5297 Alius,
2167 5232 2245 5285 id.

1386 5320 1560 5391 Super
1585 5323 1860 5376 omnibus.

1386 5413 1870 5469 Tetradrachmum
1899 5413 2037 5467 auri.

1388 5506 1474 5558 12.
1510 5504 1628 5558 Pra:
1650 5506 1717 5558 iis
1747 5520 1868 5573 quae
1894 5512 2075 5558 antea.

1388 5596 1474 5648 M.
1507 5594 1678 5665 Dicm.
1738 5592 2209 5665 Alii,_Hycmcma,
2244 5594 2353 5665 ily-

1319 5666 1505 5728 mima,
1538 5664 1819 5735 llymema,
1851 5663 2161 5734 llySmema.

1391 5756 1627 5812 (Sasiam.
1660 5755 1834 5825 Alius,
1864 5755 2099 5811 Ccsiam.

3345 400 3450 455 568

2740 506 3138 564 ΘΕΟΔΟΤΙΩΝ.

2488 823 2556 897 7--
2593 822 2877 897 Ἐθνμῴθη
2903 826 2935 893 ἠ
2960 825 3095 897 ὀργή
3123 843 3222 896 μου
3252 829 3309 879 ἐν
3349 829 3453 894 σοὶ.

2419 891 2513 945 καὶ
2542 893 2599 945 ἐν
2624 891 2734 955 τοῖς
2770 891 2891 947 δυσῖ
2923 891 3095 963 φίλοιέ
3124 891 3243 950 σου.

2488 983 2560 1035 Οὐ
2598 984 2708 1055 γὰρ
2737 984 3033 1057 ἐλαλήσατε
3068 985 3356 1058 εὐθύτητα.

2489 1141 2541 1196 8.
2591 1142 2997 1200 Ὀλοκαύτωσιν.

2488 1773 2687 1837 Καθὼς
2717 1775 2745 1827 ὁ
2782 1774 2965 1839 δοῦλός
2993 1793 3093 1846 μου
3138 1774 3277 1831 Ἰώδ.

2487 1934 2540 1987 9.
2581 1935 2636 1988 '0
2664 1934 2891 2005 Σωῖτης.

2486 2025 2834 2095 Νωμαθίτης.

2492 2268 2579 2321 10.

2493 2356 2576 2410 11.
2606 2357 2972 2426 Ἐμπροσθεν.
3056 2438 3067 2441 γ’

2502 2695 2749 2749 Ἐνώτιον
2775 2695 3009 2766 χρυσοῦν
3031 2696 3109 2751 ἓν.

2490 2786 2574 2840 19..
2619 2787 2787 2858 ’Υπὲρ
2809 2786 2876 2839 τὰ
2904 2786 3226 2858 ἔμπροσθεν.

2490 2883 2577 2937 14.

2740 3200 3165 3257 ηΤῐίΕΟΒΟΤΙΟ.

2494 3522 2543 3576 7.
2572 3520 2879 3575 Excanduit
2927 3520 3005 3575 ira
3049 3533 3166 3575 mea
3203 3518 3255 3573 in
3296 3530 3367 3586 te,
3403 3526 3459 3574 et

2422 3608 2477 3645 in
2506 3594 2642 3645 duos
2679 3591 2882 3645 amicos
2910 3598 3051 3644 tuos.

2493 3681 2611 3735 Non
2638 3680 2781 3734 enim
2812 3681 2975 3734 locuti
3008 3678 3138 3736 estis
3182 3679 3323 3750 quod
3364 3694 3454 3733 rc-

2423 3759 2570 3805 ctum
2604 3760 2739 3813 erat.

2499 3841 2551 3896 8.
2595 3840 2983 3899 iiolocaustum

2495 4550 2648 4608 Sicut
2673 4566 2860 4608 servus
2895 4568 3046 4607 meus
3069 4553 3190 4608 Jon.

2492 4714 2543 4768 9.
2585 4712 2780 4767 Soites.

2498 4802 2852 4861 Nomatltites.

2509 5052 2592 5107 10.

2500 5143 2587 5201 11.
2624 5144 2817 5198 Antea.

2505 5412 2752 5466 Inaurem
2783 5425 3002 5465 auream
3047 5425 3236 5465 unum.

2501 5504 2589 5558 12.
2624 5502 2797 5574 Super
2814 5503 3018 5572 priora.

2504 5594 2590 5648 ﬂ.
