3950 6518
448 560 855 614 ΣΥΜΜΛΧΟΣ.

200 718 249 791 1.
292 718 530 791 Ὀμόσας
556 720 768 791 ἑταῖρος
794 714 952 784 εἶναι,
981 718 1074 772 καὶ
1101 717 1177 789 μὴ

136 788 403 857 ἀλλαγείς.

419 901 872 957 SYMMACHUS.

202 1018 254 1072 4.
288 1016 396 1083 Qui
412 1016 619 1098 iuravit
646 1031 706 1073 se
738 1016 979 1071 amicum
1007 1030 1132 1071 esse
1156 1056 1171 1082 ,

136 1097 184 1141 et
210 1101 319 1142 non
354 1094 604 1142 mutavit.

1517 344 1847 403 PSALMUS
1881 344 1996 402 XV.

1473 461 1839 525 PSALMUS
1882 460 2054 520 XIV.

1751 564 1826 611 θ’.

1322 716 1377 787 4.
1428 717 1668 787 Ὀμνύων
1715 718 1793 786 τῷ
1844 717 2071 787 πλησίον
2110 714 2295 781 αὑτοῦ,

1254 786 1348 838 καὶ
1366 786 1466 838 οὑκ
1498 786 1726 839 ἀθετῶν.

1454 899 1597 953 LXX
1623 898 2127 955 INTERPRETES.

1318 1015 1372 1068 4.
1414 1014 1518 1087 Qui
1562 1017 1711 1084 jurat
1761 1018 2011 1087 proximo
2062 1032 2185 1085 suo,
2244 1028 2299 1073 et

1246 1099 1357 1139 non
1395 1086 1613 1155 decipit.

1650 1246 1830 1308 Nota.

3309 343 3413 404 646

2698 557 3092 610 ΘΕΟΔΟἸΊΩΝ.

2442 714 2494 767 4.
2538 714 2770 783 Ὀμόσας
2796 712 2890 765 τοῦ
2935 712 3206 778 κακῶσαι,
3231 712 3320 766 καὶ
3356 710 3415 763 οὐ

2373 784 2572 854 σφάλῃ.

2697 893 3110 953 THEODOTIO.

2443 1018 2496 1070 4.
2533 1016 2633 1082 ριιί
2677 1017 2825 1086 jurat
2878 1024 2937 1070 ut
2969 1029 3028 1070 se
3083 1012 3301 1083 adligat,
3364 1007 3419 1065 et

2373 1101 2482 1142 non
2511 1086 2667 1141 fallit.

138 1348 208 1426 pi;
240 1345 655 1426 ἀλλαγειςριὶιο
700 1353 763 1426 ut
802 1340 1279 1426 dumOSymmaclii
1313 1343 1595 1426 versioues
1626 1358 1718 1426 eo:
1828 1352 2012 1426 tamen
2069 1345 2718 1426 Symmaeliinversiones
2768 1345 2946 1401 editas
2995 1346 3196 1426 fuisse,
3251 1355 3414 1426 supra

134 1413 249 1471 {lein
302 1413 422 1471 loco
469 1414 784 1469 adferantur
832 1430 844 1465 :
896 1414 1001 1467 nisi
1050 1413 1316 1477 fortasse,
1368 1415 1471 1475 ’A.,
1521 1414 1605 1476 Σ.,

796 1484 855 1537 οὐ
900 1483 1082 1555 σφὰλῃ
1125 1486 1366 1553 positum
1425 1484 1514 1538 sit.
1566 1483 1715 1538 Duas
1824 1484 2160 1555 frequenter.

137 1486 341 1557 σφάλῃ,
379 1501 481 1556 pro
524 1486 625 1550 ’A.,
666 1483 754 1550 0.,

445 1801 856 1857 ΣΥΜΜΑΧΟΣ.

194 1964 245 2016 1.
284 1963 718 2034 Ταπεινόφρονος
772 1963 867 2017 καὶ
894 1961 989 2015 τοῦ
1016 1962 1171 2032 ἀμώ-

129 2052 226 2103 μου
265 2033 448 2085 Δαυίδ.

126 2198 149 2246 ὲ
192 2126 433 2248 ῗύὶὲαξόν
467 2142 557 2194 με,
590 2127 618 2177 ὁ
645 2124 794 2188 Θεὸς,
845 2125 925 2177 ὅτι
969 2123 1174 2194 ἤλπισα

156 2214 192 2247 π
246 2213 277 2248 σ
315 2234 330 2247 .

156 2213 229 2255 πι,
246 2213 330 2248 σε.

190 2286 245 2339 2.
293 2285 519 2351 Ἀγαθὸν
556 2301 646 2354 μοι
697 2283 797 2336 οὐκ
852 2284 999 2338 ἐστιν
1045 2286 1173 2340 ἄνευ

127 2371 236 2408 σου.

122 2515 140 2533 ..
167 2431 369 2533 3-,”;
400 2446 527 2533 τ’ξὺς
567 2445 836 2533 perﬂet»;
868 2447 977 2501 πᾶν
1000 2447 1062 2499 τὸ
1083 2446 1174 2500 θέ-

124 2516 267 2584 λημά
301 2533 403 2584 μου
437 2516 497 2567 ὲν
525 2516 729 2578 αὐτοῖς.

125 2608 142 2623 ’
163 2606 241 2676 βά.
299 2604 745 2676 Ἐπληθύνθησαν
767 2605 837 2659 τὰ
868 2606 1058 2661 εἰδωλα
1080 2608 1175 2660 αὺ-

120 2674 244 2738 τῶν,
280 2678 363 2739 εἰς
392 2674 463 2728 τὰ
486 2674 663 2729 ὀπίσω
696 2677 981 2747 ὲτάχυναν.

186 3066 240 3121 6.
271 3065 492 3135 Σχοινὶα
524 3065 788 3119 ὲνὲπεσάν
823 3083 934 3136 μοι,

194 3154 287 3208 Ἐν
327 3159 438 3219 τοῖς
472 3156 795 3220 καλλίστοις.

182 3243 235 3298 9.

180 3406 273 3459 11.
316 3406 615 3477 Πλησμονὴ
646 3408 1019 3477 εὐφροσυνῶν.

179 3498 354 3569 Παρά
385 3497 463 3567 τῷ
493 3498 770 3569 προσώπῳ
795 3516 910 3552 σου.

412 3591 862 3647 SYMMACHUS.

180 3688 233 3741 1.
269 3685 522 3741 Humilis
546 3695 601 3740 et
637 3686 895 3757 inculpati
924 3685 1113 3740 David.

179 3840 423 3903 Custodi
477 3861 600 3910 me,
668 3845 851 3910 Deus,
914 3847 1172 3915 quoniam

110 3919 332 3987 speravi
369 3919 429 3970 iu
467 3927 537 3969 te.

177 4012 233 4065 2.
270 4011 494 4063 Bonum
526 4008 660 4062 milii
688 4023 797 4062 non
828 4016 913 4063 est
954 4007 1068 4061 sine
1100 4015 1172 4060 te.

174 4172 232 4228 3.
267 4171 332 4251 in
389 4184 622 4249 magnos
684 4168 866 4223 omnis
921 4167 1174 4222 voluntas

107 4256 232 4295 mea
267 4258 328 4294 Ill
363 4254 473 4293 CIS.

172 4405 231 4456 4.
254 4402 624 4471 Multiplicata
645 4409 771 4453 sunt
795 4400 935 4455 idola
960 4412 1171 4461 eorum,

103 4486 426 4529 retrorsum
453 4473 912 4527 acceleraverunt.

174 4870 231 4923 6.
266 4866 463 4923 Funes
496 4863 803 4919 inciderunt
831 4861 986 4916 mihi.

175 5031 239 5084 In
270 5024 697 5100 pulcherrimis.

178 5198 229 5252 9.

181 5359 242 5413 11
257 5396 274 5410 .
316 5354 575 5410 Satielas
604 5349 933 5404 laatitiarum.

176 5519 347 5590 Apud
382 5515 608 5569 vultum
644 5519 817 5565 tuum.

1495 1681 1856 1742 PSALMUS
1902 1683 2043 1746 XV.

1749 1804 1824 1854 θ’.

1317 1962 1377 2032 1.
1394 1962 1774 2032 Στηλογραφία
1798 1961 1875 2032 τῷ
1902 1961 2081 2017 Δαυίδ.
2099 1963 2175 2030 E',
2200 1965 2292 2031 ς’,

1248 2031 1475 2102 μαχθὰμ
1491 2031 1597 2085 τοῦ
1613 2031 1813 2085 Δαυίδ.

1314 2123 1551 2188 Φύλαξόν
1598 2141 1686 2195 με,
1734 2124 1928 2193 Κύριε,
1965 2124 2047 2176 ὅτι
2098 2124 2191 2179 ἐπὶ
2235 2125 2294 2177 σὲ

1245 2192 1470 2262 ἧλπισα.

1317 2285 1369 2337 2.
1425 2287 1545 2338 ’Ότι
1601 2285 1710 2337 τῶν
1784 2284 2006 2353 ἀγαθῶν
2075 2304 2177 2356 μου
2235 2288 2293 2340 οὐ

1245 2355 1438 2425 χρείαν
1472 2356 1637 2425 ἔχεις.

1319 2447 1370 2500 5.
1421 2445 1843 2516 Ἐθαυμάστωσε
1896 2446 2076 2499 πάντα
2102 2447 2170 2501 τὰ
2208 2447 2297 2500 θε-

1246 2516 1464 2587 λήματά
1501 2533 1600 2585 μου
1637 2518 1695 2568 ὲν
1725 2517 1927 2578 αὐτοῖς.

1316 2606 1372 2660 1».
1421 2605 1863 2675 Ἐπληθύνθησαν
1909 2608 1968 2658 αἱ
2022 2606 2295 2660 ἀσθένειαι

1245 2675 1446 2739 αὐτῶν,
1477 2676 1614 2745 μετὰ
1638 2675 1811 2727 ταῦτα
1842 2676 2107 2745 ὲτάχυναν
2158 2679 2292 2730 Ἀλ-

1246 2748 1357 2810 λος
1380 2783 1394 2808 ,
1422 2744 1613 2797 πολλαὶ
1646 2746 1700 2796 αἱ
1735 2746 2093 2799 κακοπάθειαι
2120 2746 2298 2798 αὐτῶν

1248 2813 1640 2866 ἀκολουθοῦσαι
1668 2815 1899 2883 ταχέως.

1317 2906 1390 2957 Οὐ
1426 2906 1500 2975 μὴ
1532 2904 1823 2971 συναγάγω
1846 2904 1948 2969 τὰς
1973 2905 2295 2974 συναγωγὰς

1247 2974 1435 3027 αὐτῶν
1456 2974 1516 3038 ἐξ
1553 2976 1819 3043 αἱμάτων.

1317 3065 1369 3117 6.
1412 3064 1625 3134 Σχοινία
1658 3064 1931 3116 ὲπὲπεσάν
1967 3082 2075 3135 μοι.

1332 3156 1419 3207 Ἐν
1452 3156 1563 3216 τοῖς
1586 3154 1913 3224 κρατίστοις.

1322 3248 1376 3300 9.
1419 3245 1481 3297 'H
1516 3244 1737 3313 γλῶσσά
1769 3263 1888 3316 μου.
1919 3244 2170 3312 Πάντες,
2210 3246 2296 3299 δό-

1250 3315 1314 3379 ξα
1347 3332 1468 3385 μου.

1320 3406 1405 3461 11.
1438 3405 1753 3478 Πληρώσεις
1784 3424 1850 3477 με
1886 3407 2245 3479 εὐφροσύνης.

1316 3498 1472 3551 Μετὰ
1497 3500 1589 3553 τοῦ
1625 3497 1915 3569 προσώπου
1947 3515 2062 3551 σου.

1422 3590 1562 3644 LXX
1601 3591 2106 3645 INTERPRETES.

1320 3687 1372 3739 1.
1437 3685 1603 3739 Tituli
1656 3685 1938 3753 inscriptio
1989 3685 2179 3740 David.
2225 3684 2289 3749 V,

1265 3771 1340 3815 ri,
1377 3756 1686 3809 maelitliam
1721 3756 1891 3823 ipsius
1922 3753 2113 3808 David.

1319 3846 1593 3899 Conserva
1620 3844 2005 3911 me,,Domine,
2033 3846 2291 3914 quoniam

1246 3916 1459 3985 speravi
1493 3917 1545 3968 in
1576 3924 1647 3969 te.

1322 4007 1375 4060 2.
1405 4005 1678 4071 Quoniam
1719 4006 1992 4060 bonorum
2043 4022 2290 4061 meorum

1249 4093 1355 4130 non
1386 4091 1532 4144 eges.

1318 4168 1370 4220 5.
1404 4165 1713 4247 Mirilwavit
1744 4181 1936 4223 omnes
1982 4168 2293 4223 voluntates

1249 4252 1398 4291 meas
1428 4253 1483 4290 in
1512 4252 1611 4292 EIS.

1325 4400 1371 4453 ι.
1422 4397 1791 4467 ΜυΙιῙρὶίςοῑεε
1823 4407 1950 4452 sunt
2000 4396 2291 4451 inﬁrmita»

1252 4480 1331 4524 tes
1361 4484 1574 4529 eorum,
1608 4477 1792 4536 postea
1824 4468 2289 4521 acceleraverunt.

1251 4539 1427 4600 Alius,
1472 4538 1656 4592 multa:
1708 4538 2027 4591 alllictiones
2077 4551 2291 4599 eorum,

1250 4618 1541 4677 sequentes
1563 4608 1905 4661 festinanter.

1322 4698 1437 4753 Non
1510 4699 1852 4768 congregabo
1918 4697 2295 4755 conventicula

1248 4783 1439 4824 eorum
1471 4770 1537 4824 de
1570 4769 1951 4839 sanguinibus.

1321 4859 1374 4916 6.
1417 4860 1598 4917 Funes
1638 4861 1953 4918 ceciderunt
1980 4861 2134 4915 milii.

1320 5022 1377 5075 In
1412 5022 1702 5089 prreclaris.

1321 5180 1371 5234 9.
1408 5181 1616 5250 Lingua
1663 5195 1804 5234 mea.
1846 5180 2060 5246 Omnes,
2120 5181 2295 5250 gloria

1254 5265 1394 5305 mea.

1326 5341 1412 5394 11.
1445 5339 1781 5407 Adimplebis
1811 5355 1899 5395 me
1931 5340 2133 5396 laetitia.

1323 5503 1459 5556 Cum
1490 5504 1634 5555 vultu
1661 5511 1775 5556 tuo.

1654 1414 1714 1465 οὐ
1826 1414 2243 1487 observavimus
2276 1418 2332 1471 in
2366 1416 2521 1472 libris
2559 1415 2767 1487 Regum
2787 1455 2803 1481 ,
2854 1426 2907 1471 ct
2939 1417 3157 1486 quidem
3190 1432 3295 1469 non
3328 1418 3416 1469 in-

2694 1802 3094 1857 ΘΕΟΔΟΤΙΩΝ.

2442 1964 2493 2018 1.
2525 1961 2901 2034 Στηλογραφία
2930 1962 3009 2034 τῷ
3041 1964 3221 2018 Δαυίδ.

2438 2123 2674 2189 Φύλαξόν
2700 2141 2792 2193 με,
2824 2126 2852 2176 ὁ
2898 2125 3130 2197 ’1σχυρέ.

2439 2284 2497 2341 2.

2441 2446 2492 2499 5.
2528 2445 2849 2515 Θαυμαστόν
2887 2463 2998 2515 μοι,
3030 2447 3202 2500 πάντα
3232 2448 3299 2501 τὰ
3326 2445 3408 2501 0&-

2374 2514 2589 2585 λήματα
2618 2514 2719 2585 μου
2748 2517 2805 2567 ὲν
2833 2517 3034 2578 αὐτοῖς.

2441 2607 2495 2659 4.

2439 3069 2490 3122 6.
2517 3069 2731 3139 Σχοινία
2756 3068 3030 3124 ἐπέπεσαν
3060 3086 3170 3140 μοι.

2443 3250 2494 3304 9.

2442 3410 2527 3463 11.
2572 3409 2742 3464 Ἑπτὰ
2772 3411 3130 3482 εὐφροσύνας.

2685 3592 3097 3648 THEODOTIO.

2440 3687 2490 3739 1.
2521 3685 2685 3740 Tituli
2716 3686 3003 3755 inscriptio
3032 3686 3219 3740 David.

2439 3849 2667 3904 Custodi
2706 3866 2811 3915 me,
2842 3849 3038 3904 Fortis.

2449 4010 2481 4047 ς.)

2439 4165 2492 4218 5.
2522 4164 2768 4245 Mirabile
2804 4164 2959 4242 mihi,
2999 4180 3186 4219 omnes
3218 4164 3416 4218 volun-

2369 4244 2510 4291 tates
2541 4250 2673 4289 mea:
2704 4251 2758 4288 ιη
2795 4247 2895 4288 61$.

2438 4397 2490 4449 4.

2440 4862 2491 4918 6.
2532 4862 2714 4920 Funes
2744 4863 3056 4919 ceciderunt
3092 4861 3245 4916 mihi.

2438 5184 2496 5239 9.

2443 5343 2530 5397 11.
2569 5341 2783 5412 Septem
2815 5341 3053 5397 laetitias.
