  <div class='ocr_page' id='page_1' title='image "/cluster/home/n/w/nwhite01/storage/ocr_20150623/16, pt. 1 (Origen; pt. 6)/nyp.33433081862314/402.png"; bbox 0 0 3858 6350; ppageno 0'>
   <div class='ocr_carea' id='block_1_1' title="bbox 222 353 316 409">
    <p class='ocr_par' dir='ltr' id='par_1_1' title="bbox 222 353 316 409">
     <span class='ocr_line' id='line_1_1' title="bbox 222 353 316 409; baseline 0 0"><span class='ocrx_word' id='word_1_1' title='bbox 222 353 316 409; x_wconf 83' lang='lat'><strong>789</strong></span> 
     </span>
    </p>
   </div>
   <div class='ocr_carea' id='block_1_2' title="bbox 513 464 917 528">
    <p class='ocr_par' dir='ltr' id='par_1_2' title="bbox 513 464 917 528">
     <span class='ocr_line' id='line_1_2' title="bbox 513 464 917 528; baseline 0.027 -13"><span class='ocrx_word' id='word_1_2' title='bbox 513 464 917 528; x_wconf 78' lang='grc' dir='ltr'><strong>ΣΥΜΜΑΧΟΣ.</strong></span> 
     </span>
    </p>
   </div>
   <div class='ocr_carea' id='block_1_3' title="bbox 283 625 358 677">
    <p class='ocr_par' dir='ltr' id='par_1_3' title="bbox 283 625 358 677">
     <span class='ocr_line' id='line_1_3' title="bbox 283 625 358 677; baseline -0.013 0"><span class='ocrx_word' id='word_1_3' title='bbox 283 625 358 677; x_wconf 87' lang='grc'><strong>10.</strong></span> 
     </span>
    </p>
   </div>
   <div class='ocr_carea' id='block_1_4' title="bbox 277 850 1221 922">
    <p class='ocr_par' dir='ltr' id='par_1_4' title="bbox 277 850 1221 922">
     <span class='ocr_line' id='line_1_4' title="bbox 277 850 1221 922; baseline 0.004 -21"><span class='ocrx_word' id='word_1_4' title='bbox 277 850 377 922; x_wconf 75' lang='grc' dir='ltr'>Καὶ</span> <span class='ocrx_word' id='word_1_5' title='bbox 402 850 458 899; x_wconf 82' lang='grc' dir='ltr'>οὐ</span> <span class='ocrx_word' id='word_1_6' title='bbox 489 850 766 922; x_wconf 75' lang='grc' dir='ltr'>προσέρχῃ</span> <span class='ocrx_word' id='word_1_7' title='bbox 812 854 869 904; x_wconf 79' lang='grc' dir='ltr'>ὲν</span> <span class='ocrx_word' id='word_1_8' title='bbox 920 855 1030 915; x_wconf 76' lang='grc' dir='ltr'>τοῖς</span> <span class='ocrx_word' id='word_1_9' title='bbox 1059 870 1221 922; x_wconf 81' lang='grc' dir='ltr'>στρα-</span> 
     </span>
    </p>
   </div>
   <div class='ocr_carea' id='block_1_5' title="bbox 208 917 653 988">
    <p class='ocr_par' dir='ltr' id='par_1_5' title="bbox 208 917 653 988">
     <span class='ocr_line' id='line_1_5' title="bbox 208 917 653 988; baseline -0.011 -15"><span class='ocrx_word' id='word_1_10' title='bbox 208 920 291 973; x_wconf 68' lang='grc' dir='ltr'><strong>τεύ</strong></span> <span class='ocrx_word' id='word_1_11' title='bbox 299 934 451 988; x_wconf 83' lang='grc' dir='ltr'>μασιν</span> <span class='ocrx_word' id='word_1_12' title='bbox 480 917 653 986; x_wconf 78' lang='grc' dir='ltr'>ἡμῶν.</span> 
     </span>
    </p>
   </div>
   <div class='ocr_carea' id='block_1_6' title="bbox 276 1008 1224 1077">
    <p class='ocr_par' dir='ltr' id='par_1_6' title="bbox 276 1008 1224 1077">
     <span class='ocr_line' id='line_1_6' title="bbox 276 1008 1224 1077; baseline 0 -17"><span class='ocrx_word' id='word_1_13' title='bbox 276 1009 353 1061; x_wconf 89' lang='grc'><strong>11.</strong></span> <span class='ocrx_word' id='word_1_14' title='bbox 387 1008 615 1077; x_wconf 81' lang='grc' dir='ltr'>Ἔταξας</span> <span class='ocrx_word' id='word_1_15' title='bbox 644 1010 792 1077; x_wconf 74' lang='grc' dir='ltr'><strong>ἡμᾶς</strong></span> <span class='ocrx_word' id='word_1_16' title='bbox 818 1009 1072 1077; x_wconf 77' lang='grc' dir='ltr'><strong>ἐσχάτους</strong></span> <span class='ocrx_word' id='word_1_17' title='bbox 1100 1025 1224 1060; x_wconf 89' lang='grc' dir='ltr'>παν-</span> 
     </span>
    </p>
   </div>
   <div class='ocr_carea' id='block_1_7' title="bbox 209 1076 1222 1145">
    <p class='ocr_par' dir='ltr' id='par_1_7' title="bbox 209 1076 1222 1145">
     <span class='ocr_line' id='line_1_7' title="bbox 209 1076 1222 1145; baseline 0.001 -17"><span class='ocrx_word' id='word_1_18' title='bbox 209 1077 290 1139; x_wconf 76' lang='grc' dir='ltr'>τὸς</span> <span class='ocrx_word' id='word_1_19' title='bbox 314 1076 565 1137; x_wconf 78' lang='grc' dir='ltr'>ἐναντίου,</span> <span class='ocrx_word' id='word_1_20' title='bbox 590 1076 684 1127; x_wconf 53' lang='grc' dir='ltr'><strong>καὶ⁸</strong></span> <span class='ocrx_word' id='word_1_21' title='bbox 712 1078 761 1127; x_wconf 79' lang='grc' dir='ltr'>οἱ</span> <span class='ocrx_word' id='word_1_22' title='bbox 782 1076 1061 1143; x_wconf 83' lang='grc' dir='ltr'>μισοῦντες</span> <span class='ocrx_word' id='word_1_23' title='bbox 1083 1079 1222 1145; x_wconf 79' lang='grc' dir='ltr'>ἡμᾶς</span> 
     </span>
    </p>
   </div>
   <div class='ocr_carea' id='block_1_8' title="bbox 209 1145 845 1213">
    <p class='ocr_par' dir='ltr' id='par_1_8' title="bbox 209 1145 845 1213">
     <span class='ocr_line' id='line_1_8' title="bbox 209 1145 845 1213; baseline 0 -16"><span class='ocrx_word' id='word_1_24' title='bbox 209 1145 570 1213; x_wconf 74' lang='grc' dir='ltr'><strong>διαρπάζουσιν</strong></span> <span class='ocrx_word' id='word_1_25' title='bbox 609 1145 845 1205; x_wconf 77' lang='grc' dir='ltr'><strong>ἑαυτοῖς.</strong></span> 
     </span>
    </p>
   </div>
   <div class='ocr_carea' id='block_1_9' title="bbox 270 1230 1219 1299">
    <p class='ocr_par' dir='ltr' id='par_1_9' title="bbox 270 1230 1219 1299">
     <span class='ocr_line' id='line_1_9' title="bbox 270 1230 1219 1299; baseline -0.001 -15"><span class='ocrx_word' id='word_1_26' title='bbox 270 1232 350 1285; x_wconf 72' lang='grc'><strong>12.</strong></span> <span class='ocrx_word' id='word_1_27' title='bbox 370 1231 620 1299; x_wconf 68' lang='grc' dir='ltr'><strong>Δ’Ἐδωκας</strong></span> <span class='ocrx_word' id='word_1_28' title='bbox 653 1234 804 1299; x_wconf 81' lang='grc' dir='ltr'><strong>ἡμᾶς</strong></span> <span class='ocrx_word' id='word_1_29' title='bbox 842 1233 918 1293; x_wconf 87' lang='grc' dir='ltr'><strong>ὡς</strong></span> <span class='ocrx_word' id='word_1_30' title='bbox 949 1230 1110 1299; x_wconf 86' lang='grc' dir='ltr'>βοσκή</span> <span class='ocrx_word' id='word_1_31' title='bbox 1119 1246 1219 1298; x_wconf 85' lang='grc' dir='ltr'><strong>μα-</strong></span> 
     </span>
    </p>
   </div>
   <div class='ocr_carea' id='block_1_10' title="bbox 206 1297 1219 1368">
    <p class='ocr_par' dir='ltr' id='par_1_10' title="bbox 206 1297 1219 1368">
     <span class='ocr_line' id='line_1_10' title="bbox 206 1297 1219 1368; baseline -0.002 -17"><span class='ocrx_word' id='word_1_32' title='bbox 206 1317 269 1353; x_wconf 80' lang='grc' dir='ltr'><strong>τα</strong></span> <span class='ocrx_word' id='word_1_33' title='bbox 288 1297 549 1368; x_wconf 82' lang='grc' dir='ltr'><strong>βρώσεως,</strong></span> <span class='ocrx_word' id='word_1_34' title='bbox 582 1297 790 1361; x_wconf 64' lang='grc' dir='ltr'>κατεὶς</span> <span class='ocrx_word' id='word_1_35' title='bbox 818 1301 889 1352; x_wconf 82' lang='grc' dir='ltr'>τὰ</span> <span class='ocrx_word' id='word_1_36' title='bbox 949 1298 1071 1366; x_wconf 79' lang='grc' dir='ltr'>ἔθνη</span> <span class='ocrx_word' id='word_1_37' title='bbox 1101 1297 1219 1349; x_wconf 61' lang='grc' dir='ltr'><strong>’ἐλί-</strong></span> 
     </span>
    </p>
   </div>
   <div class='ocr_carea' id='block_1_11' title="bbox 207 1368 591 1435">
    <p class='ocr_par' dir='ltr' id='par_1_11' title="bbox 207 1368 591 1435">
     <span class='ocr_line' id='line_1_11' title="bbox 207 1368 591 1435; baseline 0.003 -16"><span class='ocrx_word' id='word_1_38' title='bbox 207 1383 407 1435; x_wconf 76' lang='grc' dir='ltr'>κμησας</span> <span class='ocrx_word' id='word_1_39' title='bbox 430 1368 591 1434; x_wconf 77' lang='grc' dir='ltr'>ἡμᾶς.</span> 
     </span>
    </p>
   </div>
   <div class='ocr_carea' id='block_1_12' title="bbox 270 1454 1220 1521">
    <p class='ocr_par' dir='ltr' id='par_1_12' title="bbox 270 1454 1220 1521">
     <span class='ocr_line' id='line_1_12' title="bbox 270 1454 1220 1521; baseline -0.001 -16"><span class='ocrx_word' id='word_1_40' title='bbox 270 1454 349 1507; x_wconf 80' lang='grc'><strong>15.</strong></span> <span class='ocrx_word' id='word_1_41' title='bbox 396 1454 615 1505; x_wconf 82' lang='grc' dir='ltr'>Ἀπὲδου</span> <span class='ocrx_word' id='word_1_42' title='bbox 664 1463 756 1505; x_wconf 84' lang='grc' dir='ltr'><strong>τον</strong></span> <span class='ocrx_word' id='word_1_43' title='bbox 806 1454 936 1507; x_wconf 78' lang='grc' dir='ltr'>λαόν</span> <span class='ocrx_word' id='word_1_44' title='bbox 990 1470 1078 1505; x_wconf 89' lang='grc' dir='ltr'><strong>σου</strong></span> <span class='ocrx_word' id='word_1_45' title='bbox 1127 1456 1220 1521; x_wconf 82' lang='grc' dir='ltr'><strong>οὐχ</strong></span> 
     </span>
    </p>
   </div>
   <div class='ocr_carea' id='block_1_13' title="bbox 207 1521 1220 1591">
    <p class='ocr_par' dir='ltr' id='par_1_13' title="bbox 207 1521 1220 1591">
     <span class='ocr_line' id='line_1_13' title="bbox 207 1521 1220 1591; baseline -0.002 -18"><span class='ocrx_word' id='word_1_46' title='bbox 207 1521 489 1591; x_wconf 79' lang='grc' dir='ltr'>ὑπάρξεως,</span> <span class='ocrx_word' id='word_1_47' title='bbox 529 1523 708 1591; x_wconf 73' lang='grc' dir='ltr'><strong>καὶού</strong></span> <span class='ocrx_word' id='word_1_48' title='bbox 740 1523 941 1591; x_wconf 83' lang='grc' dir='ltr'>πολλὴν</span> <span class='ocrx_word' id='word_1_49' title='bbox 969 1522 1220 1587; x_wconf 77' lang='grc' dir='ltr'>ἐποίησας</span> 
     </span>
    </p>
   </div>
   <div class='ocr_carea' id='block_1_14' title="bbox 207 1588 702 1658">
    <p class='ocr_par' dir='ltr' id='par_1_14' title="bbox 207 1588 702 1658">
     <span class='ocr_line' id='line_1_14' title="bbox 207 1588 702 1658; baseline 0.002 -18"><span class='ocrx_word' id='word_1_50' title='bbox 207 1589 295 1658; x_wconf 82' lang='grc' dir='ltr'><strong>τὴν</strong></span> <span class='ocrx_word' id='word_1_51' title='bbox 316 1588 470 1658; x_wconf 82' lang='grc' dir='ltr'>τιμὴν</span> <span class='ocrx_word' id='word_1_52' title='bbox 503 1589 702 1641; x_wconf 78' lang='grc' dir='ltr'>αὐτῶν.</span> 
     </span>
    </p>
   </div>
   <div class='ocr_carea' id='block_1_15' title="bbox 270 1746 1226 1815">
    <p class='ocr_par' dir='ltr' id='par_1_15' title="bbox 270 1746 1226 1815">
     <span class='ocr_line' id='line_1_15' title="bbox 270 1746 1226 1815; baseline -0.002 -16"><span class='ocrx_word' id='word_1_53' title='bbox 270 1748 350 1799; x_wconf 73' lang='grc'><strong>14.</strong></span> <span class='ocrx_word' id='word_1_54' title='bbox 393 1746 683 1815; x_wconf 81' lang='grc' dir='ltr'>Ἐποίησας</span> <span class='ocrx_word' id='word_1_55' title='bbox 713 1748 862 1815; x_wconf 77' lang='grc' dir='ltr'>ἡμᾶς</span> <span class='ocrx_word' id='word_1_56' title='bbox 898 1746 1226 1815; x_wconf 77' lang='grc' dir='ltr'>προπηλακι-</span> 
     </span>
    </p>
   </div>
   <div class='ocr_carea' id='block_1_16' title="bbox 206 1813 1225 1951">
    <p class='ocr_par' dir='ltr' id='par_1_16' title="bbox 206 1813 1225 1951">
     <span class='ocr_line' id='line_1_16' title="bbox 206 1813 1225 1951; baseline -0.002 -86"><span class='ocrx_word' id='word_1_57' title='bbox 206 1815 329 1951; x_wconf 45' lang='lat' dir='ltr'><strong>:1va</strong></span> <span class='ocrx_word' id='word_1_58' title='bbox 357 1813 489 1883; x_wconf 80' lang='grc' dir='ltr'>μετὰ</span> <span class='ocrx_word' id='word_1_59' title='bbox 522 1813 839 1882; x_wconf 66' lang='grc' dir='ltr'>χλευασμοῦ</span> <span class='ocrx_word' id='word_1_60' title='bbox 894 1813 1005 1875; x_wconf 83' lang='grc' dir='ltr'>τοῖς</span> <span class='ocrx_word' id='word_1_61' title='bbox 1047 1813 1225 1881; x_wconf 82' lang='grc' dir='ltr'>κύκλῳ</span> 
     </span>
     <span class='ocr_line' id='line_1_17' title="bbox 245 1901 366 1951; baseline -0.017 -16"><span class='ocrx_word' id='word_1_62' title='bbox 245 1901 366 1951; x_wconf 82' lang='grc' dir='ltr'>μων.</span> 
     </span>
    </p>
   </div>
   <div class='ocr_carea' id='block_1_17' title="bbox 270 2105 1218 2175">
    <p class='ocr_par' dir='ltr' id='par_1_17' title="bbox 270 2105 1218 2175">
     <span class='ocr_line' id='line_1_18' title="bbox 270 2105 1218 2175; baseline 0 -18"><span class='ocrx_word' id='word_1_63' title='bbox 270 2107 350 2159; x_wconf 80' lang='grc'><strong>15.</strong></span> <span class='ocrx_word' id='word_1_64' title='bbox 388 2106 706 2175; x_wconf 11' lang='grc' dir='ltr'>Ἐποξησαςᾲ</span> <span class='ocrx_word' id='word_1_65' title='bbox 734 2106 884 2173; x_wconf 78' lang='grc' dir='ltr'><strong>ἡμᾶς</strong></span> <span class='ocrx_word' id='word_1_66' title='bbox 919 2105 1218 2175; x_wconf 65' lang='grc' dir='ltr'>παραβολὴν</span> 
     </span>
    </p>
   </div>
   <div class='ocr_carea' id='block_1_18' title="bbox 206 2173 1222 2241">
    <p class='ocr_par' dir='ltr' id='par_1_18' title="bbox 206 2173 1222 2241">
     <span class='ocr_line' id='line_1_19' title="bbox 206 2173 1222 2241; baseline -0.001 -16"><span class='ocrx_word' id='word_1_67' title='bbox 206 2175 258 2225; x_wconf 65' lang='grc' dir='ltr'>ἐν</span> <span class='ocrx_word' id='word_1_68' title='bbox 286 2176 387 2233; x_wconf 85' lang='grc' dir='ltr'>τοῖς</span> <span class='ocrx_word' id='word_1_69' title='bbox 419 2173 617 2235; x_wconf 77' lang='grc' dir='ltr'>ἔθνεσι,</span> <span class='ocrx_word' id='word_1_70' title='bbox 650 2173 868 2240; x_wconf 82' lang='grc' dir='ltr'>κίνησιν</span> <span class='ocrx_word' id='word_1_71' title='bbox 899 2173 1133 2241; x_wconf 82' lang='grc' dir='ltr'><strong>κεφαλῆς</strong></span> <span class='ocrx_word' id='word_1_72' title='bbox 1165 2176 1222 2224; x_wconf 81' lang='grc' dir='ltr'>ὲν</span> 
     </span>
    </p>
   </div>
   <div class='ocr_carea' id='block_1_19' title="bbox 206 2241 545 2308">
    <p class='ocr_par' dir='ltr' id='par_1_19' title="bbox 206 2241 545 2308">
     <span class='ocr_line' id='line_1_20' title="bbox 206 2241 545 2308; baseline -0.003 -15"><span class='ocrx_word' id='word_1_73' title='bbox 206 2244 313 2303; x_wconf 83' lang='grc' dir='ltr'>ταῖς</span> <span class='ocrx_word' id='word_1_74' title='bbox 340 2241 545 2308; x_wconf 81' lang='grc' dir='ltr'><strong>φυλαῖς.</strong></span> 
     </span>
    </p>
   </div>
   <div class='ocr_carea' id='block_1_20' title="bbox 254 2393 1224 2476">
    <p class='ocr_par' dir='ltr' id='par_1_20' title="bbox 254 2393 1224 2476">
     <span class='ocr_line' id='line_1_21' title="bbox 254 2393 1224 2476; baseline 0 -30"><span class='ocrx_word' id='word_1_75' title='bbox 254 2393 346 2476; x_wconf 45' lang='grc' dir='ltr'><strong>16ι</strong></span> <span class='ocrx_word' id='word_1_76' title='bbox 350 2396 423 2445; x_wconf 90' lang='grc' dir='ltr'><strong>Δι’</strong></span> <span class='ocrx_word' id='word_1_77' title='bbox 438 2393 564 2476; x_wconf 69' lang='grc' dir='ltr'>ὅλης</span> <span class='ocrx_word' id='word_1_78' title='bbox 576 2393 793 2462; x_wconf 78' lang='grc' dir='ltr'>ἡμέρας</span> <span class='ocrx_word' id='word_1_79' title='bbox 860 2394 997 2476; x_wconf 64' lang='grc' dir='ltr'><strong>ᾁσχη</strong></span> <span class='ocrx_word' id='word_1_80' title='bbox 1007 2394 1224 2462; x_wconf 85' lang='grc' dir='ltr'>μόνησις</span> 
     </span>
    </p>
   </div>
   <div class='ocr_carea' id='block_1_21' title="bbox 210 2461 1223 2544">
    <p class='ocr_par' dir='ltr' id='par_1_21' title="bbox 210 2461 1223 2544">
     <span class='ocr_line' id='line_1_22' title="bbox 210 2461 1223 2544; baseline -0.001 -31"><span class='ocrx_word' id='word_1_81' title='bbox 210 2480 301 2544; x_wconf 70' lang='grc' dir='ltr'>μου</span> <span class='ocrx_word' id='word_1_82' title='bbox 318 2461 569 2538; x_wconf 67' lang='grc' dir='ltr'>ἄντικρύς</span> <span class='ocrx_word' id='word_1_83' title='bbox 586 2461 713 2544; x_wconf 63' lang='grc' dir='ltr'>μου,</span> <span class='ocrx_word' id='word_1_84' title='bbox 738 2463 837 2512; x_wconf 80' lang='grc' dir='ltr'><strong>καὶ</strong></span> <span class='ocrx_word' id='word_1_85' title='bbox 852 2463 879 2511; x_wconf 85' lang='grc' dir='ltr'>ὁ</span> <span class='ocrx_word' id='word_1_86' title='bbox 896 2461 1223 2544; x_wconf 71' lang='grc' dir='ltr'>καταισχυμ-</span> 
     </span>
    </p>
   </div>
   <div class='ocr_carea' id='block_1_22' title="bbox 210 2529 1219 2597">
    <p class='ocr_par' dir='ltr' id='par_1_22' title="bbox 210 2529 1219 2597">
     <span class='ocr_line' id='line_1_23' title="bbox 210 2529 1219 2597; baseline 0.002 -18"><span class='ocrx_word' id='word_1_87' title='bbox 210 2529 298 2597; x_wconf 62' lang='lat' dir='ltr'><strong>pb;</strong></span> <span class='ocrx_word' id='word_1_88' title='bbox 322 2529 407 2580; x_wconf 79' lang='grc' dir='ltr'>τοῦ</span> <span class='ocrx_word' id='word_1_89' title='bbox 427 2529 719 2597; x_wconf 79' lang='grc' dir='ltr'><strong>προσώπου</strong></span> <span class='ocrx_word' id='word_1_90' title='bbox 739 2545 842 2596; x_wconf 90' lang='grc' dir='ltr'><strong>μου</strong></span> <span class='ocrx_word' id='word_1_91' title='bbox 860 2529 1114 2579; x_wconf 86' lang='grc' dir='ltr'><strong>καλύπτει</strong></span> <span class='ocrx_word' id='word_1_92' title='bbox 1134 2529 1219 2597; x_wconf 78' lang='grc' dir='ltr'>με.</span> 
     </span>
    </p>
   </div>
   <div class='ocr_carea' id='block_1_23' title="bbox 273 2614 1222 2683">
    <p class='ocr_par' dir='ltr' id='par_1_23' title="bbox 273 2614 1222 2683">
     <span class='ocr_line' id='line_1_24' title="bbox 273 2614 1222 2683; baseline -0.001 -14"><span class='ocrx_word' id='word_1_93' title='bbox 273 2617 352 2669; x_wconf 89' lang='lat'><strong>17.</strong></span> <span class='ocrx_word' id='word_1_94' title='bbox 397 2616 526 2667; x_wconf 80' lang='grc' dir='ltr'>Ἀπὸ</span> <span class='ocrx_word' id='word_1_95' title='bbox 553 2616 738 2683; x_wconf 79' lang='grc' dir='ltr'>φωνῆς</span> <span class='ocrx_word' id='word_1_96' title='bbox 767 2614 1107 2683; x_wconf 75' lang='grc' dir='ltr'><strong>ὀνειδίζοντος</strong></span> <span class='ocrx_word' id='word_1_97' title='bbox 1132 2618 1222 2668; x_wconf 77' lang='grc' dir='ltr'><strong>καὶ</strong></span> 
     </span>
    </p>
   </div>
   <div class='ocr_carea' id='block_1_24' title="bbox 242 2682 1222 2802">
    <p class='ocr_par' dir='ltr' id='par_1_24' title="bbox 242 2682 1222 2802">
     <span class='ocr_line' id='line_1_25' title="bbox 242 2682 1222 2802; baseline 0 -69"><span class='ocrx_word' id='word_1_98' title='bbox 242 2683 655 2802; x_wconf 50' lang='grc' dir='ltr'>λασφηΐοῦντος,</span> <span class='ocrx_word' id='word_1_99' title='bbox 830 2682 1109 2799; x_wconf 60' lang='grc' dir='ltr'>προσώπου</span> <span class='ocrx_word' id='word_1_100' title='bbox 1134 2685 1222 2752; x_wconf 82' lang='grc' dir='ltr'><strong>ἐχ-</strong></span> 
     </span>
     <span class='ocr_line' id='line_1_26' title="bbox 243 2765 1060 2802; baseline 0 0"><span class='ocrx_word' id='word_1_101' title='bbox 243 2767 329 2802; x_wconf 73' lang='lat' dir='ltr'><strong>nou</strong></span> <span class='ocrx_word' id='word_1_102' title='bbox 350 2767 421 2802; x_wconf 89' lang='grc' dir='ltr'><strong>κα</strong></span> <span class='ocrx_word' id='word_1_103' title='bbox 472 2765 844 2802; x_wconf 75' lang='grc' dir='ltr'>τιμωρουντος</span> <span class='ocrx_word' id='word_1_104' title='bbox 898 2766 1060 2802; x_wconf 88' lang='grc' dir='ltr'>αυτω.</span> 
     </span>
    </p>
   </div>
   <div class='ocr_carea' id='block_1_25' title="bbox 243 2765 1060 2821">
    <p class='ocr_par' dir='ltr' id='par_1_25' title="bbox 243 2765 1060 2821">
     <span class='ocr_line' id='line_1_27' title="bbox 243 2765 1060 2821; baseline -0.001 -19"><span class='ocrx_word' id='word_1_105' title='bbox 243 2767 329 2821; x_wconf 85' lang='grc' dir='ltr'><strong>ρου</strong></span> <span class='ocrx_word' id='word_1_106' title='bbox 350 2765 441 2802; x_wconf 89' lang='grc' dir='ltr'><strong>και</strong></span> <span class='ocrx_word' id='word_1_107' title='bbox 472 2765 844 2817; x_wconf 84' lang='grc' dir='ltr'>τιμωρουντος</span> <span class='ocrx_word' id='word_1_108' title='bbox 870 2765 1060 2818; x_wconf 84' lang='grc' dir='ltr'>εαυτῳ.</span> 
     </span>
    </p>
   </div>
   <div class='ocr_carea' id='block_1_26' title="bbox 474 2838 924 2895">
    <p class='ocr_par' dir='ltr' id='par_1_26' title="bbox 474 2838 924 2895">
     <span class='ocr_line' id='line_1_28' title="bbox 474 2838 924 2895; baseline -0.002 -1"><span class='ocrx_word' id='word_1_109' title='bbox 474 2838 924 2895; x_wconf 78' lang='lat' dir='ltr'><strong>SYMMACIIUS.</strong></span> 
     </span>
    </p>
   </div>
   <div class='ocr_carea' id='block_1_27' title="bbox 278 2931 361 2983">
    <p class='ocr_par' dir='ltr' id='par_1_27' title="bbox 278 2931 361 2983">
     <span class='ocr_line' id='line_1_29' title="bbox 278 2931 361 2983; baseline 0 0"><span class='ocrx_word' id='word_1_110' title='bbox 278 2931 361 2983; x_wconf 89' lang='lat'><strong>10.</strong></span> 
     </span>
    </p>
   </div>
   <div class='ocr_carea' id='block_1_28' title="bbox 282 3152 1229 3236">
    <p class='ocr_par' dir='ltr' id='par_1_28' title="bbox 282 3152 1229 3236">
     <span class='ocr_line' id='line_1_30' title="bbox 282 3152 1229 3236; baseline -0.002 -27"><span class='ocrx_word' id='word_1_111' title='bbox 282 3157 493 3236; x_wconf 83' lang='lat' dir='ltr'><strong>Et_non</strong></span> <span class='ocrx_word' id='word_1_112' title='bbox 549 3152 780 3209; x_wconf 84' lang='lat' dir='ltr'><strong>accedes</strong></span> <span class='ocrx_word' id='word_1_113' title='bbox 813 3154 865 3208; x_wconf 93' lang='lat' dir='ltr'><strong>in</strong></span> <span class='ocrx_word' id='word_1_114' title='bbox 914 3153 1229 3207; x_wconf 78' lang='lat' dir='ltr'><strong>exercitibus</strong></span> 
     </span>
    </p>
   </div>
   <div class='ocr_carea' id='block_1_29' title="bbox 215 3236 426 3279">
    <p class='ocr_par' dir='ltr' id='par_1_29' title="bbox 215 3236 426 3279">
     <span class='ocr_line' id='line_1_31' title="bbox 215 3236 426 3279; baseline -0.009 -1"><span class='ocrx_word' id='word_1_115' title='bbox 215 3236 426 3279; x_wconf 77' lang='lat' dir='ltr'><strong>IIOSll‘lS.</strong></span> 
     </span>
    </p>
   </div>
   <div class='ocr_carea' id='block_1_30' title="bbox 279 3310 1233 3366">
    <p class='ocr_par' dir='ltr' id='par_1_30' title="bbox 279 3310 1233 3366">
     <span class='ocr_line' id='line_1_32' title="bbox 279 3310 1233 3366; baseline -0.004 -1"><span class='ocrx_word' id='word_1_116' title='bbox 279 3315 360 3365; x_wconf 89' lang='lat'><strong>11.</strong></span> <span class='ocrx_word' id='word_1_117' title='bbox 421 3313 675 3366; x_wconf 89' lang='lat' dir='ltr'><strong>Statuisti</strong></span> <span class='ocrx_word' id='word_1_118' title='bbox 710 3326 812 3365; x_wconf 89' lang='lat' dir='ltr'><strong>nos</strong></span> <span class='ocrx_word' id='word_1_119' title='bbox 862 3310 1077 3364; x_wconf 90' lang='lat' dir='ltr'><strong>ultimos</strong></span> <span class='ocrx_word' id='word_1_120' title='bbox 1125 3324 1233 3361; x_wconf 84' lang='lat' dir='ltr'><strong>om-</strong></span> 
     </span>
    </p>
   </div>
   <div class='ocr_carea' id='block_1_31' title="bbox 214 3378 1232 3447">
    <p class='ocr_par' dir='ltr' id='par_1_31' title="bbox 214 3378 1232 3447">
     <span class='ocr_line' id='line_1_33' title="bbox 214 3378 1232 3447; baseline -0.006 -13"><span class='ocrx_word' id='word_1_121' title='bbox 214 3382 353 3434; x_wconf 87' lang='lat' dir='ltr'><strong>nium</strong></span> <span class='ocrx_word' id='word_1_122' title='bbox 371 3381 887 3447; x_wconf 83' lang='lat' dir='ltr'><strong>adversariorum,et</strong></span> <span class='ocrx_word' id='word_1_123' title='bbox 901 3379 991 3446; x_wconf 89' lang='lat' dir='ltr'><strong>qui</strong></span> <span class='ocrx_word' id='word_1_124' title='bbox 1008 3378 1232 3431; x_wconf 84' lang='lat' dir='ltr'><strong>oderunt</strong></span> 
     </span>
    </p>
   </div>
   <div class='ocr_carea' id='block_1_32' title="bbox 215 3446 749 3517">
    <p class='ocr_par' dir='ltr' id='par_1_32' title="bbox 215 3446 749 3517">
     <span class='ocr_line' id='line_1_34' title="bbox 215 3446 749 3517; baseline -0.011 -14"><span class='ocrx_word' id='word_1_125' title='bbox 215 3464 308 3504; x_wconf 85' lang='lat' dir='ltr'><strong>nos</strong></span> <span class='ocrx_word' id='word_1_126' title='bbox 329 3450 588 3517; x_wconf 85' lang='lat' dir='ltr'><strong>diripiunt</strong></span> <span class='ocrx_word' id='word_1_127' title='bbox 619 3446 749 3502; x_wconf 82' lang='lat' dir='ltr'><strong>sibi.</strong></span> 
     </span>
    </p>
   </div>
   <div class='ocr_carea' id='block_1_33' title="bbox 283 3669 1234 3734">
    <p class='ocr_par' dir='ltr' id='par_1_33' title="bbox 283 3669 1234 3734">
     <span class='ocr_line' id='line_1_35' title="bbox 283 3669 1234 3734; baseline -0.009 -10"><span class='ocrx_word' id='word_1_128' title='bbox 283 3672 363 3724; x_wconf 69' lang='lat'><strong>12.</strong></span> <span class='ocrx_word' id='word_1_129' title='bbox 401 3669 605 3723; x_wconf 75' lang='lat' dir='ltr'><strong>Dedisti</strong></span> <span class='ocrx_word' id='word_1_130' title='bbox 638 3682 744 3721; x_wconf 90' lang='lat' dir='ltr'><strong>nos</strong></span> <span class='ocrx_word' id='word_1_131' title='bbox 783 3676 839 3719; x_wconf 92' lang='lat' dir='ltr'><strong>ut</strong></span> <span class='ocrx_word' id='word_1_132' title='bbox 866 3680 1029 3734; x_wconf 89' lang='lat' dir='ltr'><strong>pecus</strong></span> <span class='ocrx_word' id='word_1_133' title='bbox 1057 3678 1234 3718; x_wconf 90' lang='lat' dir='ltr'><strong>come-</strong></span> 
     </span>
    </p>
   </div>
   <div class='ocr_carea' id='block_1_34' title="bbox 218 3734 1230 3805">
    <p class='ocr_par' dir='ltr' id='par_1_34' title="bbox 218 3734 1230 3805">
     <span class='ocr_line' id='line_1_36' title="bbox 218 3734 1230 3805; baseline -0.01 -11"><span class='ocrx_word' id='word_1_134' title='bbox 218 3739 420 3801; x_wconf 86' lang='lat' dir='ltr'><strong>stionis,</strong></span> <span class='ocrx_word' id='word_1_135' title='bbox 442 3747 493 3792; x_wconf 87' lang='lat' dir='ltr'><strong>et</strong></span> <span class='ocrx_word' id='word_1_136' title='bbox 521 3738 575 3790; x_wconf 92' lang='lat' dir='ltr'><strong>in</strong></span> <span class='ocrx_word' id='word_1_137' title='bbox 608 3743 797 3805; x_wconf 77' lang='lat' dir='ltr'><strong>gentes</strong></span> <span class='ocrx_word' id='word_1_138' title='bbox 823 3734 1084 3787; x_wconf 86' lang='lat' dir='ltr'><strong>ventilasti</strong></span> <span class='ocrx_word' id='word_1_139' title='bbox 1115 3747 1230 3785; x_wconf 89' lang='lat' dir='ltr'><strong>nos.</strong></span> 
     </span>
    </p>
   </div>
   <div class='ocr_carea' id='block_1_35' title="bbox 286 4024 1235 4091">
    <p class='ocr_par' dir='ltr' id='par_1_35' title="bbox 286 4024 1235 4091">
     <span class='ocr_line' id='line_1_37' title="bbox 286 4024 1235 4091; baseline -0.011 -10"><span class='ocrx_word' id='word_1_140' title='bbox 286 4031 368 4081; x_wconf 77' lang='lat'><strong>13.</strong></span> <span class='ocrx_word' id='word_1_141' title='bbox 438 4024 734 4080; x_wconf 82' lang='lat' dir='ltr'><strong>Tradidisti</strong></span> <span class='ocrx_word' id='word_1_142' title='bbox 784 4024 1033 4091; x_wconf 81' lang='lat' dir='ltr'><strong>populum</strong></span> <span class='ocrx_word' id='word_1_143' title='bbox 1086 4030 1235 4091; x_wconf 85' lang='lat' dir='ltr'><strong>tuum</strong></span> 
     </span>
    </p>
   </div>
   <div class='ocr_carea' id='block_1_36' title="bbox 223 4089 1232 4152">
    <p class='ocr_par' dir='ltr' id='par_1_36' title="bbox 223 4089 1232 4152">
     <span class='ocr_line' id='line_1_38' title="bbox 223 4089 1232 4152; baseline -0.009 -4"><span class='ocrx_word' id='word_1_144' title='bbox 223 4099 333 4149; x_wconf 86' lang='lat' dir='ltr'><strong>sine</strong></span> <span class='ocrx_word' id='word_1_145' title='bbox 357 4095 683 4152; x_wconf 88' lang='lat' dir='ltr'><strong>substantia,</strong></span> <span class='ocrx_word' id='word_1_146' title='bbox 736 4089 800 4145; x_wconf 71' lang='lat' dir='ltr'><strong>et</strong></span> <span class='ocrx_word' id='word_1_147' title='bbox 847 4089 953 4143; x_wconf 85' lang='lat' dir='ltr'><strong>non</strong></span> <span class='ocrx_word' id='word_1_148' title='bbox 1010 4089 1232 4141; x_wconf 88' lang='lat' dir='ltr'><strong>multum</strong></span> 
     </span>
    </p>
   </div>
   <div class='ocr_carea' id='block_1_37' title="bbox 224 4163 895 4232">
    <p class='ocr_par' dir='ltr' id='par_1_37' title="bbox 224 4163 895 4232">
     <span class='ocr_line' id='line_1_39' title="bbox 224 4163 895 4232; baseline -0.009 -16"><span class='ocrx_word' id='word_1_149' title='bbox 224 4164 387 4218; x_wconf 90' lang='lat' dir='ltr'><strong>fecisti</strong></span> <span class='ocrx_word' id='word_1_150' title='bbox 420 4163 657 4232; x_wconf 89' lang='lat' dir='ltr'><strong>pretium</strong></span> <span class='ocrx_word' id='word_1_151' title='bbox 688 4173 895 4214; x_wconf 87' lang='lat' dir='ltr'><strong>eorum.</strong></span> 
     </span>
    </p>
   </div>
   <div class='ocr_carea' id='block_1_38' title="bbox 290 4380 1237 4448">
    <p class='ocr_par' dir='ltr' id='par_1_38' title="bbox 290 4380 1237 4448">
     <span class='ocr_line' id='line_1_40' title="bbox 290 4380 1237 4448; baseline -0.007 -12"><span class='ocrx_word' id='word_1_152' title='bbox 290 4387 372 4437; x_wconf 63' lang='lat'><strong>11.</strong></span> <span class='ocrx_word' id='word_1_153' title='bbox 401 4383 598 4437; x_wconf 82' lang='lat' dir='ltr'><strong>Fecisti</strong></span> <span class='ocrx_word' id='word_1_154' title='bbox 628 4397 724 4435; x_wconf 92' lang='lat' dir='ltr'><strong>nos</strong></span> <span class='ocrx_word' id='word_1_155' title='bbox 746 4380 1088 4448; x_wconf 78' lang='lat' dir='ltr'><strong>opprobrium</strong></span> <span class='ocrx_word' id='word_1_156' title='bbox 1116 4391 1237 4448; x_wconf 85' lang='lat' dir='ltr'><strong>cum</strong></span> 
     </span>
    </p>
   </div>
   <div class='ocr_carea' id='block_1_39' title="bbox 224 4446 1241 4518">
    <p class='ocr_par' dir='ltr' id='par_1_39' title="bbox 224 4446 1241 4518">
     <span class='ocr_line' id='line_1_41' title="bbox 224 4446 1241 4518; baseline -0.006 -16"><span class='ocrx_word' id='word_1_157' title='bbox 224 4452 484 4505; x_wconf 85' lang='lat' dir='ltr'><strong>derisione</strong></span> <span class='ocrx_word' id='word_1_158' title='bbox 515 4452 584 4505; x_wconf 91' lang='lat' dir='ltr'><strong>iis</strong></span> <span class='ocrx_word' id='word_1_159' title='bbox 615 4450 707 4518; x_wconf 87' lang='lat' dir='ltr'><strong>qui</strong></span> <span class='ocrx_word' id='word_1_160' title='bbox 749 4446 874 4502; x_wconf 80' lang='lat' dir='ltr'><strong>sunt</strong></span> <span class='ocrx_word' id='word_1_161' title='bbox 923 4448 975 4499; x_wconf 92' lang='lat' dir='ltr'><strong>in</strong></span> <span class='ocrx_word' id='word_1_162' title='bbox 1020 4446 1241 4499; x_wconf 81' lang='lat' dir='ltr'><strong>circuitu</strong></span> 
     </span>
    </p>
   </div>
   <div class='ocr_carea' id='block_1_40' title="bbox 226 4529 421 4573">
    <p class='ocr_par' dir='ltr' id='par_1_40' title="bbox 226 4529 421 4573">
     <span class='ocr_line' id='line_1_42' title="bbox 226 4529 421 4573; baseline 0 -3"><span class='ocrx_word' id='word_1_163' title='bbox 226 4529 421 4573; x_wconf 73' lang='lat' dir='ltr'><strong>BOSU&#39;O.</strong></span> 
     </span>
    </p>
   </div>
   <div class='ocr_carea' id='block_1_41' title="bbox 298 4865 1244 4944">
    <p class='ocr_par' dir='ltr' id='par_1_41' title="bbox 298 4865 1244 4944">
     <span class='ocr_line' id='line_1_43' title="bbox 298 4865 1244 4944; baseline -0.007 -19"><span class='ocrx_word' id='word_1_164' title='bbox 298 4874 381 4944; x_wconf 72' lang='lat'><strong>15.</strong></span> <span class='ocrx_word' id='word_1_165' title='bbox 417 4872 613 4925; x_wconf 87' lang='lat' dir='ltr'><strong>Fecisti</strong></span> <span class='ocrx_word' id='word_1_166' title='bbox 669 4884 774 4944; x_wconf 79' lang='lat' dir='ltr'><strong>nos</strong></span> <span class='ocrx_word' id='word_1_167' title='bbox 830 4866 1134 4944; x_wconf 77' lang='lat' dir='ltr'><strong>parabolarn</strong></span> <span class='ocrx_word' id='word_1_168' title='bbox 1191 4865 1244 4944; x_wconf 76' lang='lat' dir='ltr'><strong>in</strong></span> 
     </span>
    </p>
   </div>
   <div class='ocr_carea' id='block_1_42' title="bbox 233 4938 1242 5007">
    <p class='ocr_par' dir='ltr' id='par_1_42' title="bbox 233 4938 1242 5007">
     <span class='ocr_line' id='line_1_44' title="bbox 233 4938 1242 5007; baseline -0.009 -13"><span class='ocrx_word' id='word_1_169' title='bbox 233 4942 493 5007; x_wconf 79' lang='lat' dir='ltr'><strong>gentibus,</strong></span> <span class='ocrx_word' id='word_1_170' title='bbox 522 4938 934 4992; x_wconf 88' lang='lat' dir='ltr'><strong>commotionem</strong></span> <span class='ocrx_word' id='word_1_171' title='bbox 961 4938 1149 5002; x_wconf 82' lang='lat' dir='ltr'><strong>capitis</strong></span> <span class='ocrx_word' id='word_1_172' title='bbox 1190 4938 1242 4985; x_wconf 88' lang='lat' dir='ltr'><strong>in</strong></span> 
     </span>
    </p>
   </div>
   <div class='ocr_carea' id='block_1_43' title="bbox 234 5009 489 5061">
    <p class='ocr_par' dir='ltr' id='par_1_43' title="bbox 234 5009 489 5061">
     <span class='ocr_line' id='line_1_45' title="bbox 234 5009 489 5061; baseline 0 -2"><span class='ocrx_word' id='word_1_173' title='bbox 234 5009 489 5061; x_wconf 86' lang='lat' dir='ltr'><strong>tribubus.</strong></span> 
     </span>
    </p>
   </div>
   <div class='ocr_carea' id='block_1_44' title="bbox 313 5225 1246 5294">
    <p class='ocr_par' dir='ltr' id='par_1_44' title="bbox 313 5225 1246 5294">
     <span class='ocr_line' id='line_1_46' title="bbox 313 5225 1246 5294; baseline -0.001 -15"><span class='ocrx_word' id='word_1_174' title='bbox 313 5231 382 5283; x_wconf 82' lang='lat' dir='ltr'><strong>l6.</strong></span> <span class='ocrx_word' id='word_1_175' title='bbox 411 5229 512 5283; x_wconf 87' lang='lat' dir='ltr'><strong>Per</strong></span> <span class='ocrx_word' id='word_1_176' title='bbox 541 5236 711 5280; x_wconf 87' lang='lat' dir='ltr'><strong>totam</strong></span> <span class='ocrx_word' id='word_1_177' title='bbox 739 5225 876 5279; x_wconf 87' lang='lat' dir='ltr'><strong>diem</strong></span> <span class='ocrx_word' id='word_1_178' title='bbox 907 5225 1246 5294; x_wconf 83' lang='lat' dir='ltr'><strong>opprobrium</strong></span> 
     </span>
    </p>
   </div>
   <div class='ocr_carea' id='block_1_45' title="bbox 242 5293 1248 5359">
    <p class='ocr_par' dir='ltr' id='par_1_45' title="bbox 242 5293 1248 5359">
     <span class='ocr_line' id='line_1_47' title="bbox 242 5293 1248 5359; baseline -0.004 -9"><span class='ocrx_word' id='word_1_179' title='bbox 242 5312 407 5349; x_wconf 85' lang='lat' dir='ltr'><strong>meum</strong></span> <span class='ocrx_word' id='word_1_180' title='bbox 442 5306 626 5349; x_wconf 85' lang='lat' dir='ltr'><strong>contra</strong></span> <span class='ocrx_word' id='word_1_181' title='bbox 664 5307 752 5345; x_wconf 84' lang='lat' dir='ltr'><strong>me</strong></span> <span class='ocrx_word' id='word_1_182' title='bbox 809 5302 910 5357; x_wconf 86' lang='lat' dir='ltr'><strong>est,</strong></span> <span class='ocrx_word' id='word_1_183' title='bbox 944 5293 1026 5345; x_wconf 83' lang='lat' dir='ltr'><strong>et</strong></span> <span class='ocrx_word' id='word_1_184' title='bbox 1076 5293 1248 5359; x_wconf 90' lang='lat' dir='ltr'><strong>pudor</strong></span> 
     </span>
    </p>
   </div>
   <div class='ocr_carea' id='block_1_46' title="bbox 241 5361 886 5429">
    <p class='ocr_par' dir='ltr' id='par_1_46' title="bbox 241 5361 886 5429">
     <span class='ocr_line' id='line_1_48' title="bbox 241 5361 886 5429; baseline -0.009 -12"><span class='ocrx_word' id='word_1_185' title='bbox 241 5366 408 5418; x_wconf 80' lang='lat' dir='ltr'><strong>vultus</strong></span> <span class='ocrx_word' id='word_1_186' title='bbox 443 5364 546 5417; x_wconf 91' lang='lat' dir='ltr'><strong>mei</strong></span> <span class='ocrx_word' id='word_1_187' title='bbox 572 5361 753 5429; x_wconf 84' lang='lat' dir='ltr'><strong>operit</strong></span> <span class='ocrx_word' id='word_1_188' title='bbox 784 5374 886 5412; x_wconf 87' lang='lat' dir='ltr'><strong>me.</strong></span> 
     </span>
    </p>
   </div>
   <div class='ocr_carea' id='block_1_47' title="bbox 309 5584 1245 5653">
    <p class='ocr_par' dir='ltr' id='par_1_47' title="bbox 309 5584 1245 5653">
     <span class='ocr_line' id='line_1_49' title="bbox 309 5584 1245 5653; baseline -0.002 -12"><span class='ocrx_word' id='word_1_189' title='bbox 309 5589 387 5644; x_wconf 85' lang='lat'><strong>17.</strong></span> <span class='ocrx_word' id='word_1_190' title='bbox 416 5590 460 5641; x_wconf 78' lang='grc' dir='ltr'>Α</span> <span class='ocrx_word' id='word_1_191' title='bbox 492 5601 624 5641; x_wconf 83' lang='lat' dir='ltr'><strong>voce</strong></span> <span class='ocrx_word' id='word_1_192' title='bbox 647 5584 1016 5653; x_wconf 80' lang='lat' dir='ltr'><strong>exprobrantis</strong></span> <span class='ocrx_word' id='word_1_193' title='bbox 1034 5592 1083 5639; x_wconf 86' lang='lat' dir='ltr'><strong>et</strong></span> <span class='ocrx_word' id='word_1_194' title='bbox 1104 5584 1245 5639; x_wconf 80' lang='lat' dir='ltr'><strong>blas-</strong></span> 
     </span>
    </p>
   </div>
   <div class='ocr_carea' id='block_1_48' title="bbox 1530 362 2055 421">
    <p class='ocr_par' dir='ltr' id='par_1_48' title="bbox 1530 362 2055 421">
     <span class='ocr_line' id='line_1_50' title="bbox 1530 362 2055 421; baseline 0.006 -4"><span class='ocrx_word' id='word_1_195' title='bbox 1530 362 1841 421; x_wconf 73' lang='lat' dir='ltr'><strong>PSALMUS</strong></span> <span class='ocrx_word' id='word_1_196' title='bbox 1874 365 2055 420; x_wconf 74' lang='lat' dir='ltr'><strong>XLIII.</strong></span> 
     </span>
    </p>
   </div>
   <div class='ocr_carea' id='block_1_49' title="bbox 1775 478 1869 542">
    <p class='ocr_par' dir='ltr' id='par_1_49' title="bbox 1775 478 1869 542">
     <span class='ocr_line' id='line_1_51' title="bbox 1775 478 1869 542; baseline 0.011 -14"><span class='ocrx_word' id='word_1_197' title='bbox 1775 478 1869 542; x_wconf 62' lang='lat' dir='ltr'><strong>on,</strong></span> 
     </span>
    </p>
   </div>
   <div class='ocr_carea' id='block_1_50' title="bbox 1362 634 2300 701">
    <p class='ocr_par' dir='ltr' id='par_1_50' title="bbox 1362 634 2300 701">
     <span class='ocr_line' id='line_1_52' title="bbox 1362 634 2300 701; baseline 0.004 -16"><span class='ocrx_word' id='word_1_198' title='bbox 1362 634 1446 687; x_wconf 88' lang='lat'><strong>10.</strong></span> <span class='ocrx_word' id='word_1_199' title='bbox 1477 634 1588 687; x_wconf 81' lang='grc' dir='ltr'><strong>Νῦν</strong></span> <span class='ocrx_word' id='word_1_200' title='bbox 1604 636 1659 687; x_wconf 81' lang='grc' dir='ltr'><strong>δὲ</strong></span> <span class='ocrx_word' id='word_1_201' title='bbox 1678 635 1893 689; x_wconf 81' lang='grc' dir='ltr'>ἀπώσω.</span> <span class='ocrx_word' id='word_1_202' title='bbox 1926 637 2151 701; x_wconf 73' lang='grc' dir='ltr'><strong>ΙἌλλος,</strong></span> <span class='ocrx_word' id='word_1_203' title='bbox 2182 638 2300 689; x_wconf 83' lang='grc' dir='ltr'>καί·-</span> 
     </span>
    </p>
   </div>
   <div class='ocr_carea' id='block_1_51' title="bbox 1293 702 2296 770">
    <p class='ocr_par' dir='ltr' id='par_1_51' title="bbox 1293 702 2296 770">
     <span class='ocr_line' id='line_1_53' title="bbox 1293 702 2296 770; baseline 0.007 -20"><span class='ocrx_word' id='word_1_204' title='bbox 1293 716 1396 770; x_wconf 84' lang='grc' dir='ltr'><strong>περ</strong></span> <span class='ocrx_word' id='word_1_205' title='bbox 1411 702 1624 754; x_wconf 87' lang='grc' dir='ltr'>ἀπώσω.</span> <span class='ocrx_word' id='word_1_206' title='bbox 1648 706 1873 767; x_wconf 83' lang='grc' dir='ltr'>Ἄλλος,</span> <span class='ocrx_word' id='word_1_207' title='bbox 1896 705 2052 770; x_wconf 84' lang='grc' dir='ltr'>καίγε</span> <span class='ocrx_word' id='word_1_208' title='bbox 2081 703 2296 757; x_wconf 84' lang='grc' dir='ltr'><strong>ἀπώσω.</strong></span> 
     </span>
    </p>
   </div>
   <div class='ocr_carea' id='block_1_52' title="bbox 1296 768 2297 838">
    <p class='ocr_par' dir='ltr' id='par_1_52' title="bbox 1296 768 2297 838">
     <span class='ocr_line' id='line_1_54' title="bbox 1296 768 2297 838; baseline 0.005 -19"><span class='ocrx_word' id='word_1_209' title='bbox 1296 768 1521 831; x_wconf 78' lang='grc' dir='ltr'>Ἄλλος,</span> <span class='ocrx_word' id='word_1_210' title='bbox 1546 770 1675 822; x_wconf 83' lang='grc' dir='ltr'>ἀλλὰ</span> <span class='ocrx_word' id='word_1_211' title='bbox 1707 772 1837 838; x_wconf 83' lang='grc' dir='ltr'>πρὸς</span> <span class='ocrx_word' id='word_1_212' title='bbox 1856 768 2057 832; x_wconf 81' lang='grc' dir='ltr'>τούτοις</span> <span class='ocrx_word' id='word_1_213' title='bbox 2080 770 2297 824; x_wconf 82' lang='grc' dir='ltr'>ἀπώσω.</span> 
     </span>
    </p>
   </div>
   <div class='ocr_carea' id='block_1_53' title="bbox 1361 856 2300 927">
    <p class='ocr_par' dir='ltr' id='par_1_53' title="bbox 1361 856 2300 927">
     <span class='ocr_line' id='line_1_55' title="bbox 1361 856 2300 927; baseline 0.004 -21"><span class='ocrx_word' id='word_1_214' title='bbox 1361 857 1588 927; x_wconf 32' lang='grc' dir='ltr'>Καὶ-οὐκ</span> <span class='ocrx_word' id='word_1_215' title='bbox 1621 856 1867 927; x_wconf 79' lang='grc' dir='ltr'>ὲξελεύσῃ</span> <span class='ocrx_word' id='word_1_216' title='bbox 1898 861 1954 910; x_wconf 81' lang='grc' dir='ltr'>ὲν</span> <span class='ocrx_word' id='word_1_217' title='bbox 1982 861 2097 920; x_wconf 82' lang='grc' dir='ltr'>ταῖς</span> <span class='ocrx_word' id='word_1_218' title='bbox 2145 858 2300 911; x_wconf 82' lang='grc' dir='ltr'>δυνά-</span> 
     </span>
    </p>
   </div>
   <div class='ocr_carea' id='block_1_54' title="bbox 1295 924 1645 991">
    <p class='ocr_par' dir='ltr' id='par_1_54' title="bbox 1295 924 1645 991">
     <span class='ocr_line' id='line_1_56' title="bbox 1295 924 1645 991; baseline 0.009 -18"><span class='ocrx_word' id='word_1_219' title='bbox 1295 938 1443 989; x_wconf 82' lang='grc' dir='ltr'>μεσιν</span> <span class='ocrx_word' id='word_1_220' title='bbox 1472 924 1645 991; x_wconf 78' lang='grc' dir='ltr'>ἡμῶν.</span> 
     </span>
    </p>
   </div>
   <div class='ocr_carea' id='block_1_55' title="bbox 1360 1015 2303 1085">
    <p class='ocr_par' dir='ltr' id='par_1_55' title="bbox 1360 1015 2303 1085">
     <span class='ocr_line' id='line_1_57' title="bbox 1360 1015 2303 1085; baseline 0.002 -19"><span class='ocrx_word' id='word_1_221' title='bbox 1360 1015 1442 1067; x_wconf 87' lang='grc'><strong>11.</strong></span> <span class='ocrx_word' id='word_1_222' title='bbox 1463 1016 1819 1085; x_wconf 67' lang='grc' dir='ltr'>Ἀπέστρεψας</span> <span class='ocrx_word' id='word_1_223' title='bbox 1836 1018 1977 1085; x_wconf 77' lang='grc' dir='ltr'>ἡμᾶς</span> <span class='ocrx_word' id='word_1_224' title='bbox 1991 1020 2068 1078; x_wconf 77' lang='grc' dir='ltr'><strong>εἰς</strong></span> <span class='ocrx_word' id='word_1_225' title='bbox 2092 1018 2158 1070; x_wconf 79' lang='grc' dir='ltr'>τὰ</span> <span class='ocrx_word' id='word_1_226' title='bbox 2185 1017 2303 1069; x_wconf 79' lang='grc' dir='ltr'><strong>ὀπι-</strong></span> 
     </span>
    </p>
   </div>
   <div class='ocr_carea' id='block_1_56' title="bbox 1293 1082 2301 1158">
    <p class='ocr_par' dir='ltr' id='par_1_56' title="bbox 1293 1082 2301 1158">
     <span class='ocr_line' id='line_1_58' title="bbox 1293 1082 2301 1158; baseline 0.004 -27"><span class='ocrx_word' id='word_1_227' title='bbox 1293 1098 1367 1132; x_wconf 90' lang='grc' dir='ltr'><strong>σω</strong></span> <span class='ocrx_word' id='word_1_228' title='bbox 1391 1082 1537 1158; x_wconf 63' lang='grc' dir='ltr'>παρὰ</span> <span class='ocrx_word' id='word_1_229' title='bbox 1565 1082 1927 1158; x_wconf 41' lang='grc' dir='ltr'>τοὺς“ὲ’χρροῧς</span> <span class='ocrx_word' id='word_1_230' title='bbox 1949 1085 2121 1158; x_wconf 74' lang='grc' dir='ltr'>μῶν,</span> <span class='ocrx_word' id='word_1_231' title='bbox 2138 1086 2301 1158; x_wconf 41' lang='grc' dir='ltr'>καὶ-οἱ</span> 
     </span>
    </p>
   </div>
   <div class='ocr_carea' id='block_1_57' title="bbox 1294 1152 2296 1219">
    <p class='ocr_par' dir='ltr' id='par_1_57' title="bbox 1294 1152 2296 1219">
     <span class='ocr_line' id='line_1_59' title="bbox 1294 1152 2296 1219; baseline 0.004 -21"><span class='ocrx_word' id='word_1_232' title='bbox 1294 1152 1565 1216; x_wconf 80' lang='grc' dir='ltr'>μισοῦντες</span> <span class='ocrx_word' id='word_1_233' title='bbox 1592 1153 1731 1219; x_wconf 61' lang='grc' dir='ltr'><strong>⁴ἡμᾶς</strong></span> <span class='ocrx_word' id='word_1_234' title='bbox 1756 1152 2043 1219; x_wconf 78' lang='grc' dir='ltr'>διήρπαζον</span> <span class='ocrx_word' id='word_1_235' title='bbox 2072 1153 2296 1211; x_wconf 76' lang='grc' dir='ltr'>ἑαυτοῖς.</span> 
     </span>
    </p>
   </div>
   <div class='ocr_carea' id='block_1_58' title="bbox 1358 1235 2297 1306">
    <p class='ocr_par' dir='ltr' id='par_1_58' title="bbox 1358 1235 2297 1306">
     <span class='ocr_line' id='line_1_60' title="bbox 1358 1235 2297 1306; baseline 0.003 -20"><span class='ocrx_word' id='word_1_236' title='bbox 1358 1235 1442 1306; x_wconf 33' lang='grc'><strong>1-2.</strong></span> <span class='ocrx_word' id='word_1_237' title='bbox 1469 1237 1706 1298; x_wconf 86' lang='grc' dir='ltr'>Ἔδωκας</span> <span class='ocrx_word' id='word_1_238' title='bbox 1741 1238 1883 1305; x_wconf 63' lang='grc' dir='ltr'><strong>⁴ἡμεῖς</strong></span> <span class='ocrx_word' id='word_1_239' title='bbox 1930 1237 2032 1306; x_wconf 15' lang='grc' dir='ltr'><strong>ώςᾲ</strong></span> <span class='ocrx_word' id='word_1_240' title='bbox 2054 1238 2297 1306; x_wconf 80' lang='grc' dir='ltr'>πρόϐατα</span> 
     </span>
    </p>
   </div>
   <div class='ocr_carea' id='block_1_59' title="bbox 1292 1301 2302 1370">
    <p class='ocr_par' dir='ltr' id='par_1_59' title="bbox 1292 1301 2302 1370">
     <span class='ocr_line' id='line_1_61' title="bbox 1292 1301 2302 1370; baseline 0.004 -17"><span class='ocrx_word' id='word_1_241' title='bbox 1292 1301 1556 1370; x_wconf 80' lang='grc' dir='ltr'>βρώσεως,</span> <span class='ocrx_word' id='word_1_242' title='bbox 1608 1306 1697 1355; x_wconf 82' lang='grc' dir='ltr'>καὶ</span> <span class='ocrx_word' id='word_1_243' title='bbox 1736 1301 1791 1355; x_wconf 70' lang='grc' dir='ltr'>ἐν</span> <span class='ocrx_word' id='word_1_244' title='bbox 1832 1306 1942 1365; x_wconf 82' lang='grc' dir='ltr'>τοῖς</span> <span class='ocrx_word' id='word_1_245' title='bbox 1985 1301 2157 1357; x_wconf 72' lang='grc' dir='ltr'>ἔθνεσι</span> <span class='ocrx_word' id='word_1_246' title='bbox 2198 1306 2302 1357; x_wconf 87' lang='grc' dir='ltr'><strong>διέ-</strong></span> 
     </span>
    </p>
   </div>
   <div class='ocr_carea' id='block_1_60' title="bbox 1290 1374 1703 1439">
    <p class='ocr_par' dir='ltr' id='par_1_60' title="bbox 1290 1374 1703 1439">
     <span class='ocr_line' id='line_1_62' title="bbox 1290 1374 1703 1439; baseline 0.01 -20"><span class='ocrx_word' id='word_1_247' title='bbox 1290 1385 1511 1438; x_wconf 87' lang='grc' dir='ltr'>σπειρας</span> <span class='ocrx_word' id='word_1_248' title='bbox 1541 1374 1703 1439; x_wconf 80' lang='grc' dir='ltr'>ἡμᾶς.</span> 
     </span>
    </p>
   </div>
   <div class='ocr_carea' id='block_1_61' title="bbox 1359 1458 2299 1513">
    <p class='ocr_par' dir='ltr' id='par_1_61' title="bbox 1359 1458 2299 1513">
     <span class='ocr_line' id='line_1_63' title="bbox 1359 1458 2299 1513; baseline 0 -4"><span class='ocrx_word' id='word_1_249' title='bbox 1359 1458 1442 1510; x_wconf 83' lang='grc'><strong>15.</strong></span> <span class='ocrx_word' id='word_1_250' title='bbox 1489 1459 1705 1510; x_wconf 83' lang='grc' dir='ltr'>Ἀπέδου</span> <span class='ocrx_word' id='word_1_251' title='bbox 1738 1461 1825 1511; x_wconf 78' lang='grc' dir='ltr'><strong>τὸν</strong></span> <span class='ocrx_word' id='word_1_252' title='bbox 1872 1460 1995 1512; x_wconf 85' lang='grc' dir='ltr'>λαόν</span> <span class='ocrx_word' id='word_1_253' title='bbox 2053 1476 2143 1511; x_wconf 91' lang='grc' dir='ltr'><strong>σου</strong></span> <span class='ocrx_word' id='word_1_254' title='bbox 2176 1460 2299 1513; x_wconf 82' lang='grc' dir='ltr'>ἄνευ</span> 
     </span>
    </p>
   </div>
   <div class='ocr_carea' id='block_1_62' title="bbox 1289 1524 2303 1646">
    <p class='ocr_par' dir='ltr' id='par_1_62' title="bbox 1289 1524 2303 1646">
     <span class='ocr_line' id='line_1_64' title="bbox 1289 1524 2303 1596; baseline 0.001 -21"><span class='ocrx_word' id='word_1_255' title='bbox 1289 1524 1471 1591; x_wconf 79' lang='grc' dir='ltr'>τιμῆς,</span> <span class='ocrx_word' id='word_1_256' title='bbox 1503 1527 1593 1577; x_wconf 76' lang='grc' dir='ltr'><strong>καὶ</strong></span> <span class='ocrx_word' id='word_1_257' title='bbox 1624 1528 1719 1577; x_wconf 80' lang='grc' dir='ltr'><strong>οὐκ</strong></span> <span class='ocrx_word' id='word_1_258' title='bbox 1756 1524 1821 1596; x_wconf 80' lang='grc' dir='ltr'>ἦν</span> <span class='ocrx_word' id='word_1_259' title='bbox 1864 1527 2061 1595; x_wconf 84' lang='grc' dir='ltr'>πλῆθος</span> <span class='ocrx_word' id='word_1_260' title='bbox 2106 1530 2163 1578; x_wconf 81' lang='grc' dir='ltr'>ὲν</span> <span class='ocrx_word' id='word_1_261' title='bbox 2194 1529 2303 1587; x_wconf 80' lang='grc' dir='ltr'>τοῖς</span> 
     </span>
     <span class='ocr_line' id='line_1_65' title="bbox 1295 1592 2303 1646; baseline 0.001 -3"><span class='ocrx_word' id='word_1_262' title='bbox 1295 1592 1825 1646; x_wconf 78' lang='grc' dir='ltr'>ἀλλάγμασιναύτῶν.</span> <span class='ocrx_word' id='word_1_263' title='bbox 1847 1597 2078 1646; x_wconf 81' lang='grc' dir='ltr'>Ἄλλος.</span> <span class='ocrx_word' id='word_1_264' title='bbox 2104 1595 2303 1646; x_wconf 77' lang='grc' dir='ltr'>πέπρα-</span> 
     </span>
    </p>
   </div>
   <div class='ocr_carea' id='block_1_63' title="bbox 1296 1610 2248 1730">
    <p class='ocr_par' dir='ltr' id='par_1_63' title="bbox 1296 1610 2248 1730">
     <span class='ocr_line' id='line_1_66' title="bbox 1296 1610 2248 1661; baseline 0.002 -18"><span class='ocrx_word' id='word_1_265' title='bbox 1296 1610 1825 1659; x_wconf 79' lang='grc' dir='ltr'>αΑΑαγμασιναυτων.</span> <span class='ocrx_word' id='word_1_266' title='bbox 1847 1610 2078 1657; x_wconf 71' lang='grc' dir='ltr'>Ἄλλος,</span> <span class='ocrx_word' id='word_1_267' title='bbox 2104 1610 2248 1661; x_wconf 77' lang='grc' dir='ltr'>πεπρ</span> 
     </span>
     <span class='ocr_line' id='line_1_67' title="bbox 1296 1660 2139 1730; baseline 0.002 -21"><span class='ocrx_word' id='word_1_268' title='bbox 1296 1675 1410 1720; x_wconf 85' lang='grc' dir='ltr'>κας.</span> <span class='ocrx_word' id='word_1_269' title='bbox 1444 1662 1668 1723; x_wconf 77' lang='grc' dir='ltr'>Ἄλλος,</span> <span class='ocrx_word' id='word_1_270' title='bbox 1693 1662 1748 1712; x_wconf 83' lang='grc' dir='ltr'>ὲν</span> <span class='ocrx_word' id='word_1_271' title='bbox 1779 1662 1871 1729; x_wconf 81' lang='grc' dir='ltr'>οὐχ</span> <span class='ocrx_word' id='word_1_272' title='bbox 1897 1660 2139 1730; x_wconf 81' lang='grc' dir='ltr'>ὑπάρξει.</span> 
     </span>
    </p>
   </div>
   <div class='ocr_carea' id='block_1_64' title="bbox 1364 1748 2304 1817">
    <p class='ocr_par' dir='ltr' id='par_1_64' title="bbox 1364 1748 2304 1817">
     <span class='ocr_line' id='line_1_68' title="bbox 1364 1748 2304 1817; baseline -0.001 -19"><span class='ocrx_word' id='word_1_273' title='bbox 1364 1748 1444 1799; x_wconf 78' lang='grc'><strong>14.</strong></span> <span class='ocrx_word' id='word_1_274' title='bbox 1477 1748 1634 1817; x_wconf 78' lang='grc' dir='ltr'>Ἐθου</span> <span class='ocrx_word' id='word_1_275' title='bbox 1664 1751 1807 1817; x_wconf 79' lang='grc' dir='ltr'><strong>ἡμᾶς</strong></span> <span class='ocrx_word' id='word_1_276' title='bbox 1836 1749 2028 1809; x_wconf 81' lang='grc' dir='ltr'>ὄνειδος</span> <span class='ocrx_word' id='word_1_277' title='bbox 2055 1751 2165 1807; x_wconf 88' lang='grc' dir='ltr'>τοῖς</span> <span class='ocrx_word' id='word_1_278' title='bbox 2192 1748 2304 1814; x_wconf 84' lang='grc' dir='ltr'>γεί-</span> 
     </span>
    </p>
   </div>
   <div class='ocr_carea' id='block_1_65' title="bbox 1293 1816 2306 1883">
    <p class='ocr_par' dir='ltr' id='par_1_65' title="bbox 1293 1816 2306 1883">
     <span class='ocr_line' id='line_1_69' title="bbox 1293 1816 2306 1883; baseline 0.001 -18"><span class='ocrx_word' id='word_1_279' title='bbox 1293 1831 1435 1867; x_wconf 90' lang='grc' dir='ltr'>τοσιν</span> <span class='ocrx_word' id='word_1_280' title='bbox 1461 1816 1634 1883; x_wconf 81' lang='grc' dir='ltr'>ἡμῶν,</span> <span class='ocrx_word' id='word_1_281' title='bbox 1682 1817 2047 1883; x_wconf 80' lang='grc' dir='ltr'>μυκτηρισμὸν</span> <span class='ocrx_word' id='word_1_282' title='bbox 2092 1816 2180 1866; x_wconf 74' lang='grc' dir='ltr'><strong>καὶ</strong></span> <span class='ocrx_word' id='word_1_283' title='bbox 2208 1832 2306 1866; x_wconf 83' lang='grc' dir='ltr'>κα-</span> 
     </span>
    </p>
   </div>
   <div class='ocr_carea' id='block_1_66' title="bbox 1292 1882 2304 2013">
    <p class='ocr_par' dir='ltr' id='par_1_66' title="bbox 1292 1882 2304 2013">
     <span class='ocr_line' id='line_1_70' title="bbox 1292 1882 2304 1951; baseline 0 -18"><span class='ocrx_word' id='word_1_284' title='bbox 1292 1882 1565 1947; x_wconf 84' lang='grc' dir='ltr'>ταγέλωτα</span> <span class='ocrx_word' id='word_1_285' title='bbox 1605 1887 1714 1943; x_wconf 90' lang='grc' dir='ltr'>τοῖς</span> <span class='ocrx_word' id='word_1_286' title='bbox 1751 1882 1928 1950; x_wconf 86' lang='grc' dir='ltr'>κύκλῳ</span> <span class='ocrx_word' id='word_1_287' title='bbox 1959 1883 2131 1951; x_wconf 76' lang='grc' dir='ltr'>ἡμῶν.</span> <span class='ocrx_word' id='word_1_288' title='bbox 2176 1884 2304 1933; x_wconf 76' lang='grc' dir='ltr'><strong>Ἀλο</strong></span> 
     </span>
     <span class='ocr_line' id='line_1_71' title="bbox 1292 1950 2301 2013; baseline 0.002 -13"><span class='ocrx_word' id='word_1_289' title='bbox 1292 1952 1418 2012; x_wconf 88' lang='grc' dir='ltr'>λος,</span> <span class='ocrx_word' id='word_1_290' title='bbox 1454 1952 1688 2013; x_wconf 89' lang='grc' dir='ltr'>πομπήν.</span> <span class='ocrx_word' id='word_1_291' title='bbox 1731 1952 1804 2013; x_wconf 88' lang='lat' dir='ltr'><strong>E&#39;,</strong></span> <span class='ocrx_word' id='word_1_292' title='bbox 1857 1950 2170 2013; x_wconf 84' lang='grc' dir='ltr'>χλευασμόν.</span> <span class='ocrx_word' id='word_1_293' title='bbox 2213 1952 2301 2013; x_wconf 70' lang='grc' dir='ltr'><strong>ς’,</strong></span> 
     </span>
    </p>
   </div>
   <div class='ocr_carea' id='block_1_67' title="bbox 1294 1952 2301 2081">
    <p class='ocr_par' dir='ltr' id='par_1_67' title="bbox 1294 1952 2301 2081">
     <span class='ocr_line' id='line_1_72' title="bbox 1294 1952 2301 2018; baseline 0.002 -18"><span class='ocrx_word' id='word_1_294' title='bbox 1294 1952 1418 2012; x_wconf 87' lang='grc' dir='ltr'>λος,</span> <span class='ocrx_word' id='word_1_295' title='bbox 1454 1952 1688 2018; x_wconf 88' lang='grc' dir='ltr'>πομπήν.</span> <span class='ocrx_word' id='word_1_296' title='bbox 1731 1952 1804 2013; x_wconf 88' lang='lat' dir='ltr'><strong>E&#39;,</strong></span> <span class='ocrx_word' id='word_1_297' title='bbox 1857 1952 2170 2018; x_wconf 86' lang='grc' dir='ltr'>χλευασμόν.</span> <span class='ocrx_word' id='word_1_298' title='bbox 2213 1952 2301 2013; x_wconf 70' lang='grc' dir='ltr'><strong>ς’,</strong></span> 
     </span>
     <span class='ocr_line' id='line_1_73' title="bbox 1294 2017 1747 2081; baseline 0.004 -14"><span class='ocrx_word' id='word_1_299' title='bbox 1294 2017 1365 2078; x_wconf 87' lang='lat' dir='ltr'><strong>Z&#39;,</strong></span> <span class='ocrx_word' id='word_1_300' title='bbox 1390 2017 1747 2081; x_wconf 84' lang='grc' dir='ltr'>καταγέλωτα.</span> 
     </span>
    </p>
   </div>
   <div class='ocr_carea' id='block_1_68' title="bbox 1351 2103 2305 2173">
    <p class='ocr_par' dir='ltr' id='par_1_68' title="bbox 1351 2103 2305 2173">
     <span class='ocr_line' id='line_1_74' title="bbox 1351 2103 2305 2173; baseline -0.007 -13"><span class='ocrx_word' id='word_1_301' title='bbox 1351 2106 1448 2162; x_wconf 82' lang='grc'><strong>.15.</strong></span> <span class='ocrx_word' id='word_1_302' title='bbox 1475 2106 1631 2157; x_wconf 85' lang='grc' dir='ltr'>Ἐθου</span> <span class='ocrx_word' id='word_1_303' title='bbox 1648 2108 1792 2173; x_wconf 78' lang='grc' dir='ltr'><strong>ἡμᾶς</strong></span> <span class='ocrx_word' id='word_1_304' title='bbox 1814 2107 1892 2166; x_wconf 81' lang='grc' dir='ltr'><strong>εἰς</strong></span> <span class='ocrx_word' id='word_1_305' title='bbox 1921 2103 2305 2173; x_wconf 64' lang='grc' dir='ltr'>παραϐολὴνξν</span> 
     </span>
    </p>
   </div>
   <div class='ocr_carea' id='block_1_69' title="bbox 1294 2170 2305 2240">
    <p class='ocr_par' dir='ltr' id='par_1_69' title="bbox 1294 2170 2305 2240">
     <span class='ocr_line' id='line_1_75' title="bbox 1294 2170 2305 2240; baseline -0.005 -16"><span class='ocrx_word' id='word_1_306' title='bbox 1294 2176 1402 2234; x_wconf 86' lang='grc' dir='ltr'>τοῖς</span> <span class='ocrx_word' id='word_1_307' title='bbox 1446 2173 1637 2236; x_wconf 76' lang='grc' dir='ltr'>ἔθνεσι,</span> <span class='ocrx_word' id='word_1_308' title='bbox 1669 2170 1903 2240; x_wconf 68' lang='grc' dir='ltr'>“κίνησιν</span> <span class='ocrx_word' id='word_1_309' title='bbox 1957 2170 2193 2240; x_wconf 79' lang='grc' dir='ltr'>κεφαλῆς</span> <span class='ocrx_word' id='word_1_310' title='bbox 2250 2171 2305 2220; x_wconf 83' lang='grc' dir='ltr'>ὲν</span> 
     </span>
    </p>
   </div>
   <div class='ocr_carea' id='block_1_70' title="bbox 1292 2239 2302 2305">
    <p class='ocr_par' dir='ltr' id='par_1_70' title="bbox 1292 2239 2302 2305">
     <span class='ocr_line' id='line_1_76' title="bbox 1292 2239 2302 2305; baseline -0.003 -13"><span class='ocrx_word' id='word_1_311' title='bbox 1292 2243 1399 2300; x_wconf 79' lang='grc' dir='ltr'>τοῖς</span> <span class='ocrx_word' id='word_1_312' title='bbox 1462 2240 1623 2301; x_wconf 79' lang='grc' dir='ltr'>λαοῖς.</span> <span class='ocrx_word' id='word_1_313' title='bbox 1657 2239 1862 2302; x_wconf 82' lang='grc' dir='ltr'>Ἄλλος</span> <span class='ocrx_word' id='word_1_314' title='bbox 1884 2277 1897 2301; x_wconf 93' lang='grc'><strong>,</strong></span> <span class='ocrx_word' id='word_1_315' title='bbox 1933 2242 2009 2299; x_wconf 78' lang='grc' dir='ltr'><strong>εἰς</strong></span> <span class='ocrx_word' id='word_1_316' title='bbox 2040 2239 2302 2305; x_wconf 81' lang='grc' dir='ltr'>διήγησιν.</span> 
     </span>
    </p>
   </div>
   <div class='ocr_carea' id='block_1_71' title="bbox 1297 2308 1927 2375">
    <p class='ocr_par' dir='ltr' id='par_1_71' title="bbox 1297 2308 1927 2375">
     <span class='ocr_line' id='line_1_77' title="bbox 1297 2308 1927 2375; baseline -0.003 -16"><span class='ocrx_word' id='word_1_317' title='bbox 1297 2309 1523 2370; x_wconf 77' lang='grc' dir='ltr'>Ἄλλος,</span> <span class='ocrx_word' id='word_1_318' title='bbox 1565 2308 1822 2375; x_wconf 84' lang='grc' dir='ltr'>μετακίνη</span> <span class='ocrx_word' id='word_1_319' title='bbox 1834 2322 1927 2374; x_wconf 83' lang='grc' dir='ltr'>μα.</span> 
     </span>
    </p>
   </div>
   <div class='ocr_carea' id='block_1_72' title="bbox 1318 2392 2306 2463">
    <p class='ocr_par' dir='ltr' id='par_1_72' title="bbox 1318 2392 2306 2463">
     <span class='ocr_line' id='line_1_78' title="bbox 1318 2392 2306 2463; baseline 0.001 -1"><span class='ocrx_word' id='word_1_320' title='bbox 1318 2396 1399 2447; x_wconf 73' lang='grc'><strong>16-</strong></span> <span class='ocrx_word' id='word_1_321' title='bbox 1410 2394 1570 2463; x_wconf 69' lang='grc' dir='ltr'>ὐλην</span> <span class='ocrx_word' id='word_1_322' title='bbox 1585 2396 1681 2463; x_wconf 83' lang='grc' dir='ltr'>τὴν</span> <span class='ocrx_word' id='word_1_323' title='bbox 1696 2394 1901 2463; x_wconf 72' lang='grc' dir='ltr'>ἡμέραν</span> <span class='ocrx_word' id='word_1_324' title='bbox 1914 2395 1946 2461; x_wconf 80' lang='grc' dir='ltr'>ἡ</span> <span class='ocrx_word' id='word_1_325' title='bbox 1965 2392 2190 2463; x_wconf 69' lang='grc' dir='ltr'>ἐντροπὴ</span> <span class='ocrx_word' id='word_1_326' title='bbox 2210 2407 2306 2463; x_wconf 68' lang='grc' dir='ltr'>μου</span> 
     </span>
    </p>
   </div>
   <div class='ocr_carea' id='block_1_73' title="bbox 1292 2459 2307 2529">
    <p class='ocr_par' dir='ltr' id='par_1_73' title="bbox 1292 2459 2307 2529">
     <span class='ocr_line' id='line_1_79' title="bbox 1292 2459 2307 2529; baseline -0.005 -16"><span class='ocrx_word' id='word_1_327' title='bbox 1292 2459 1623 2529; x_wconf 80' lang='grc' dir='ltr'>κατεναντίον</span> <span class='ocrx_word' id='word_1_328' title='bbox 1640 2459 1745 2529; x_wconf 69' lang='grc' dir='ltr'><strong>μου</strong></span> <span class='ocrx_word' id='word_1_329' title='bbox 1768 2459 1900 2521; x_wconf 73' lang='grc' dir='ltr'>ἐστὶ,</span> <span class='ocrx_word' id='word_1_330' title='bbox 1925 2459 2015 2529; x_wconf 75' lang='grc' dir='ltr'>καὶ</span> <span class='ocrx_word' id='word_1_331' title='bbox 2032 2459 2068 2529; x_wconf 68' lang='grc' dir='ltr'><strong>ᾗ</strong></span> <span class='ocrx_word' id='word_1_332' title='bbox 2080 2459 2307 2529; x_wconf 80' lang='grc' dir='ltr'>αἰσχύνη</span> 
     </span>
    </p>
   </div>
   <div class='ocr_carea' id='block_1_74' title="bbox 1290 2527 2208 2596">
    <p class='ocr_par' dir='ltr' id='par_1_74' title="bbox 1290 2527 2208 2596">
     <span class='ocr_line' id='line_1_80' title="bbox 1290 2527 2208 2596; baseline -0.004 -17"><span class='ocrx_word' id='word_1_333' title='bbox 1290 2529 1381 2580; x_wconf 80' lang='grc' dir='ltr'>τοῦ</span> <span class='ocrx_word' id='word_1_334' title='bbox 1418 2527 1697 2595; x_wconf 85' lang='grc' dir='ltr'>προσώπου</span> <span class='ocrx_word' id='word_1_335' title='bbox 1734 2545 1832 2596; x_wconf 86' lang='grc' dir='ltr'>μου</span> <span class='ocrx_word' id='word_1_336' title='bbox 1862 2527 2091 2593; x_wconf 72' lang='grc' dir='ltr'>ὲκάλυψέ</span> <span class='ocrx_word' id='word_1_337' title='bbox 2123 2542 2208 2592; x_wconf 86' lang='grc' dir='ltr'>με.</span> 
     </span>
    </p>
   </div>
   <div class='ocr_carea' id='block_1_75' title="bbox 1361 2613 2297 2685">
    <p class='ocr_par' dir='ltr' id='par_1_75' title="bbox 1361 2613 2297 2685">
     <span class='ocr_line' id='line_1_81' title="bbox 1361 2613 2297 2685; baseline -0.005 -16"><span class='ocrx_word' id='word_1_338' title='bbox 1361 2619 1442 2669; x_wconf 89' lang='lat'><strong>17.</strong></span> <span class='ocrx_word' id='word_1_339' title='bbox 1494 2619 1621 2667; x_wconf 83' lang='grc' dir='ltr'>Ἀπὸ</span> <span class='ocrx_word' id='word_1_340' title='bbox 1650 2614 2185 2685; x_wconf 14' lang='grc' dir='ltr'>φωνῆςνόνειδίζοντος</span> <span class='ocrx_word' id='word_1_341' title='bbox 2207 2613 2297 2685; x_wconf 78' lang='grc' dir='ltr'><strong>καὶ</strong></span> 
     </span>
    </p>
   </div>
   <div class='ocr_carea' id='block_1_76' title="bbox 1291 2681 2294 2753">
    <p class='ocr_par' dir='ltr' id='par_1_76' title="bbox 1291 2681 2294 2753">
     <span class='ocr_line' id='line_1_82' title="bbox 1291 2681 2294 2753; baseline -0.006 -17"><span class='ocrx_word' id='word_1_342' title='bbox 1291 2681 1731 2753; x_wconf 84' lang='grc' dir='ltr'>παραλαλοῦντος,</span> <span class='ocrx_word' id='word_1_343' title='bbox 1753 2681 1857 2734; x_wconf 78' lang='grc' dir='ltr'><strong>ἀπὸ</strong></span> <span class='ocrx_word' id='word_1_344' title='bbox 1895 2681 2178 2752; x_wconf 86' lang='grc' dir='ltr'>προσώπου</span> <span class='ocrx_word' id='word_1_345' title='bbox 2208 2682 2294 2748; x_wconf 74' lang='grc' dir='ltr'><strong>ἐχ-</strong></span> 
     </span>
    </p>
   </div>
   <div class='ocr_carea' id='block_1_77' title="bbox 1291 2750 1919 2820">
    <p class='ocr_par' dir='ltr' id='par_1_77' title="bbox 1291 2750 1919 2820">
     <span class='ocr_line' id='line_1_83' title="bbox 1291 2750 1919 2820; baseline -0.002 -18"><span class='ocrx_word' id='word_1_346' title='bbox 1291 2750 1416 2820; x_wconf 80' lang='grc' dir='ltr'>θροῦ</span> <span class='ocrx_word' id='word_1_347' title='bbox 1440 2753 1528 2804; x_wconf 74' lang='grc' dir='ltr'>καὶ</span> <span class='ocrx_word' id='word_1_348' title='bbox 1562 2750 1919 2811; x_wconf 84' lang='grc' dir='ltr'>ὲκδιώκοντος.</span> 
     </span>
    </p>
   </div>
   <div class='ocr_carea' id='block_1_78' title="bbox 1465 2837 2125 2892">
    <p class='ocr_par' dir='ltr' id='par_1_78' title="bbox 1465 2837 2125 2892">
     <span class='ocr_line' id='line_1_84' title="bbox 1465 2837 2125 2892; baseline -0.003 0"><span class='ocrx_word' id='word_1_349' title='bbox 1465 2840 1601 2892; x_wconf 78' lang='lat' dir='ltr'><strong>LXX</strong></span> <span class='ocrx_word' id='word_1_350' title='bbox 1639 2837 2125 2892; x_wconf 83' lang='lat' dir='ltr'><strong>INTERPRETES.</strong></span> 
     </span>
    </p>
   </div>
   <div class='ocr_carea' id='block_1_79' title="bbox 1369 2929 2303 2998">
    <p class='ocr_par' dir='ltr' id='par_1_79' title="bbox 1369 2929 2303 2998">
     <span class='ocr_line' id='line_1_85' title="bbox 1369 2929 2303 2998; baseline -0.002 -17"><span class='ocrx_word' id='word_1_351' title='bbox 1369 2931 1452 2983; x_wconf 90' lang='lat'><strong>10.</strong></span> <span class='ocrx_word' id='word_1_352' title='bbox 1480 2929 1631 2983; x_wconf 81' lang='lat' dir='ltr'><strong>Nunc</strong></span> <span class='ocrx_word' id='word_1_353' title='bbox 1655 2941 1828 2983; x_wconf 88' lang='lat' dir='ltr'><strong>autem</strong></span> <span class='ocrx_word' id='word_1_354' title='bbox 1852 2930 2110 2998; x_wconf 87' lang='lat' dir='ltr'><strong>repulisti.</strong></span> <span class='ocrx_word' id='word_1_355' title='bbox 2140 2929 2303 2991; x_wconf 80' lang='lat' dir='ltr'><strong>Alius,</strong></span> 
     </span>
    </p>
   </div>
   <div class='ocr_carea' id='block_1_80' title="bbox 1298 2998 2310 3066">
    <p class='ocr_par' dir='ltr' id='par_1_80' title="bbox 1298 2998 2310 3066">
     <span class='ocr_line' id='line_1_86' title="bbox 1298 2998 2310 3066; baseline -0.004 -16"><span class='ocrx_word' id='word_1_356' title='bbox 1298 3006 1351 3051; x_wconf 81' lang='lat' dir='ltr'><strong>et</strong></span> <span class='ocrx_word' id='word_1_357' title='bbox 1398 2999 1581 3065; x_wconf 88' lang='lat' dir='ltr'><strong>utique</strong></span> <span class='ocrx_word' id='word_1_358' title='bbox 1622 2999 1879 3066; x_wconf 83' lang='lat' dir='ltr'><strong>repulisti.</strong></span> <span class='ocrx_word' id='word_1_359' title='bbox 1914 2998 2082 3055; x_wconf 73' lang='lat' dir='ltr'><strong>Alius.</strong></span> <span class='ocrx_word' id='word_1_360' title='bbox 2204 2998 2310 3066; x_wconf 63' lang='grc' dir='ltr'><strong>Δαιί-</strong></span> 
     </span>
    </p>
   </div>
   <div class='ocr_carea' id='block_1_81' title="bbox 1301 3063 2238 3131">
    <p class='ocr_par' dir='ltr' id='par_1_81' title="bbox 1301 3063 2238 3131">
     <span class='ocr_line' id='line_1_87' title="bbox 1301 3063 2238 3131; baseline -0.001 -16"><span class='ocrx_word' id='word_1_361' title='bbox 1301 3074 1393 3117; x_wconf 82' lang='lat' dir='ltr'><strong>ter.</strong></span> <span class='ocrx_word' id='word_1_362' title='bbox 1433 3063 1603 3128; x_wconf 68' lang='lat' dir='ltr'><strong>Atius,</strong></span> <span class='ocrx_word' id='word_1_363' title='bbox 1632 3063 1723 3119; x_wconf 80' lang='lat' dir='ltr'><strong>sed</strong></span> <span class='ocrx_word' id='word_1_364' title='bbox 1752 3067 1817 3118; x_wconf 90' lang='lat' dir='ltr'><strong>ad</strong></span> <span class='ocrx_word' id='word_1_365' title='bbox 1841 3067 1952 3118; x_wconf 64' lang='lat' dir='ltr'><strong>haec</strong></span> <span class='ocrx_word' id='word_1_366' title='bbox 1976 3063 2238 3131; x_wconf 82' lang='lat' dir='ltr'><strong>repulisti.</strong></span> 
     </span>
    </p>
   </div>
   <div class='ocr_carea' id='block_1_82' title="bbox 1368 3150 2311 3232">
    <p class='ocr_par' dir='ltr' id='par_1_82' title="bbox 1368 3150 2311 3232">
     <span class='ocr_line' id='line_1_88' title="bbox 1368 3150 2311 3232; baseline -0.005 -26"><span class='ocrx_word' id='word_1_367' title='bbox 1368 3153 1565 3232; x_wconf 69' lang='lat' dir='ltr'><strong>Etnon</strong></span> <span class='ocrx_word' id='word_1_368' title='bbox 1606 3153 1893 3223; x_wconf 80' lang='lat' dir='ltr'><strong>egredieris</strong></span> <span class='ocrx_word' id='word_1_369' title='bbox 1941 3153 1994 3205; x_wconf 87' lang='lat' dir='ltr'><strong>in</strong></span> <span class='ocrx_word' id='word_1_370' title='bbox 2026 3150 2311 3204; x_wconf 85' lang='lat' dir='ltr'><strong>virtutibus</strong></span> 
     </span>
    </p>
   </div>
   <div class='ocr_carea' id='block_1_83' title="bbox 1302 3230 1517 3275">
    <p class='ocr_par' dir='ltr' id='par_1_83' title="bbox 1302 3230 1517 3275">
     <span class='ocr_line' id='line_1_89' title="bbox 1302 3230 1517 3275; baseline 0.005 -3"><span class='ocrx_word' id='word_1_371' title='bbox 1302 3230 1517 3275; x_wconf 82' lang='lat' dir='ltr'><strong>nostris.</strong></span> 
     </span>
    </p>
   </div>
   <div class='ocr_carea' id='block_1_84' title="bbox 1376 3309 2314 3372">
    <p class='ocr_par' dir='ltr' id='par_1_84' title="bbox 1376 3309 2314 3372">
     <span class='ocr_line' id='line_1_90' title="bbox 1376 3309 2314 3372; baseline -0.002 -13"><span class='ocrx_word' id='word_1_372' title='bbox 1376 3310 1457 3360; x_wconf 92' lang='lat'><strong>11.</strong></span> <span class='ocrx_word' id='word_1_373' title='bbox 1487 3309 1733 3361; x_wconf 71' lang='lat' dir='ltr'><strong>Avertisri</strong></span> <span class='ocrx_word' id='word_1_374' title='bbox 1762 3322 1859 3363; x_wconf 90' lang='lat' dir='ltr'><strong>nos</strong></span> <span class='ocrx_word' id='word_1_375' title='bbox 1886 3316 2176 3361; x_wconf 89' lang='lat' dir='ltr'><strong>retrorsum</strong></span> <span class='ocrx_word' id='word_1_376' title='bbox 2196 3313 2314 3372; x_wconf 89' lang='lat' dir='ltr'><strong>post</strong></span> 
     </span>
    </p>
   </div>
   <div class='ocr_carea' id='block_1_85' title="bbox 1302 3375 2314 3443">
    <p class='ocr_par' dir='ltr' id='par_1_85' title="bbox 1302 3375 2314 3443">
     <span class='ocr_line' id='line_1_91' title="bbox 1302 3375 2314 3443; baseline -0.002 -16"><span class='ocrx_word' id='word_1_377' title='bbox 1302 3376 1547 3429; x_wconf 88' lang='lat' dir='ltr'><strong>inimicos</strong></span> <span class='ocrx_word' id='word_1_378' title='bbox 1576 3385 1811 3438; x_wconf 90' lang='lat' dir='ltr'><strong>nostros,</strong></span> <span class='ocrx_word' id='word_1_379' title='bbox 1860 3384 1910 3429; x_wconf 89' lang='lat' dir='ltr'><strong>et</strong></span> <span class='ocrx_word' id='word_1_380' title='bbox 1960 3375 2049 3443; x_wconf 90' lang='lat' dir='ltr'><strong>qui</strong></span> <span class='ocrx_word' id='word_1_381' title='bbox 2086 3375 2314 3428; x_wconf 88' lang='lat' dir='ltr'><strong>oderunt</strong></span> 
     </span>
    </p>
   </div>
   <div class='ocr_carea' id='block_1_86' title="bbox 1304 3443 1888 3510">
    <p class='ocr_par' dir='ltr' id='par_1_86' title="bbox 1304 3443 1888 3510">
     <span class='ocr_line' id='line_1_92' title="bbox 1304 3443 1888 3510; baseline 0.002 -17"><span class='ocrx_word' id='word_1_382' title='bbox 1304 3457 1399 3496; x_wconf 90' lang='lat' dir='ltr'><strong>nos</strong></span> <span class='ocrx_word' id='word_1_383' title='bbox 1427 3444 1744 3510; x_wconf 85' lang='lat' dir='ltr'><strong>diripiebant</strong></span> <span class='ocrx_word' id='word_1_384' title='bbox 1766 3443 1888 3496; x_wconf 84' lang='lat' dir='ltr'><strong>sibi.</strong></span> 
     </span>
    </p>
   </div>
   <div class='ocr_carea' id='block_1_87' title="bbox 1376 3663 2316 3728">
    <p class='ocr_par' dir='ltr' id='par_1_87' title="bbox 1376 3663 2316 3728">
     <span class='ocr_line' id='line_1_93' title="bbox 1376 3663 2316 3728; baseline 0.002 -13"><span class='ocrx_word' id='word_1_385' title='bbox 1376 3664 1459 3716; x_wconf 71' lang='lat'><strong>12.</strong></span> <span class='ocrx_word' id='word_1_386' title='bbox 1516 3663 1712 3717; x_wconf 88' lang='lat' dir='ltr'><strong>Dedisti</strong></span> <span class='ocrx_word' id='word_1_387' title='bbox 1763 3678 1861 3716; x_wconf 91' lang='lat' dir='ltr'><strong>nos</strong></span> <span class='ocrx_word' id='word_1_388' title='bbox 1899 3673 2149 3728; x_wconf 89' lang='lat' dir='ltr'><strong>tanquam</strong></span> <span class='ocrx_word' id='word_1_389' title='bbox 2191 3677 2316 3717; x_wconf 88' lang='lat' dir='ltr'><strong>oves</strong></span> 
     </span>
    </p>
   </div>
   <div class='ocr_carea' id='block_1_88' title="bbox 1302 3731 2316 3800">
    <p class='ocr_par' dir='ltr' id='par_1_88' title="bbox 1302 3731 2316 3800">
     <span class='ocr_line' id='line_1_94' title="bbox 1302 3731 2316 3800; baseline -0.002 -15"><span class='ocrx_word' id='word_1_390' title='bbox 1302 3746 1567 3794; x_wconf 85' lang='lat' dir='ltr'><strong>escarum,</strong></span> <span class='ocrx_word' id='word_1_391' title='bbox 1599 3741 1651 3785; x_wconf 91' lang='lat' dir='ltr'><strong>et</strong></span> <span class='ocrx_word' id='word_1_392' title='bbox 1679 3732 1729 3784; x_wconf 92' lang='lat' dir='ltr'><strong>in</strong></span> <span class='ocrx_word' id='word_1_393' title='bbox 1754 3732 1999 3800; x_wconf 80' lang='lat' dir='ltr'><strong>gentibus</strong></span> <span class='ocrx_word' id='word_1_394' title='bbox 2025 3731 2316 3798; x_wconf 87' lang='lat' dir='ltr'><strong>dispersisti</strong></span> 
     </span>
    </p>
   </div>
   <div class='ocr_carea' id='block_1_89' title="bbox 1304 3812 1420 3852">
    <p class='ocr_par' dir='ltr' id='par_1_89' title="bbox 1304 3812 1420 3852">
     <span class='ocr_line' id='line_1_95' title="bbox 1304 3812 1420 3852; baseline -0.009 0"><span class='ocrx_word' id='word_1_395' title='bbox 1304 3812 1420 3852; x_wconf 88' lang='lat' dir='ltr'><strong>nos.</strong></span> 
     </span>
    </p>
   </div>
   <div class='ocr_carea' id='block_1_90' title="bbox 1384 4020 2316 4091">
    <p class='ocr_par' dir='ltr' id='par_1_90' title="bbox 1384 4020 2316 4091">
     <span class='ocr_line' id='line_1_96' title="bbox 1384 4020 2316 4091; baseline 0.004 -18"><span class='ocrx_word' id='word_1_396' title='bbox 1384 4022 1466 4073; x_wconf 80' lang='grc'><strong>15.</strong></span> <span class='ocrx_word' id='word_1_397' title='bbox 1514 4020 1805 4091; x_wconf 86' lang='lat' dir='ltr'><strong>Vendidisti</strong></span> <span class='ocrx_word' id='word_1_398' title='bbox 1866 4023 2119 4091; x_wconf 87' lang='lat' dir='ltr'><strong>populum</strong></span> <span class='ocrx_word' id='word_1_399' title='bbox 2166 4033 2316 4077; x_wconf 90' lang='lat' dir='ltr'><strong>tuum</strong></span> 
     </span>
    </p>
   </div>
   <div class='ocr_carea' id='block_1_91' title="bbox 1310 4088 2318 4155">
    <p class='ocr_par' dir='ltr' id='par_1_91' title="bbox 1310 4088 2318 4155">
     <span class='ocr_line' id='line_1_97' title="bbox 1310 4088 2318 4155; baseline 0.004 -14"><span class='ocrx_word' id='word_1_400' title='bbox 1310 4088 1424 4141; x_wconf 86' lang='lat' dir='ltr'><strong>sine</strong></span> <span class='ocrx_word' id='word_1_401' title='bbox 1450 4090 1637 4155; x_wconf 88' lang='lat' dir='ltr'><strong>pretio,</strong></span> <span class='ocrx_word' id='word_1_402' title='bbox 1668 4098 1721 4141; x_wconf 91' lang='lat' dir='ltr'><strong>et</strong></span> <span class='ocrx_word' id='word_1_403' title='bbox 1764 4088 2002 4144; x_wconf 49' lang='lat' dir='ltr'><strong>non—fuit</strong></span> <span class='ocrx_word' id='word_1_404' title='bbox 2034 4093 2318 4145; x_wconf 85' lang='lat' dir='ltr'><strong>multitudo</strong></span> 
     </span>
    </p>
   </div>
   <div class='ocr_carea' id='block_1_92' title="bbox 1310 4156 2316 4223">
    <p class='ocr_par' dir='ltr' id='par_1_92' title="bbox 1310 4156 2316 4223">
     <span class='ocr_line' id='line_1_98' title="bbox 1310 4156 2316 4223; baseline 0.002 -16"><span class='ocrx_word' id='word_1_405' title='bbox 1310 4156 1361 4207; x_wconf 90' lang='lat' dir='ltr'><strong>in</strong></span> <span class='ocrx_word' id='word_1_406' title='bbox 1391 4157 1896 4212; x_wconf 72' lang='lat' dir='ltr'><strong>commutationibus</strong></span> <span class='ocrx_word' id='word_1_407' title='bbox 1921 4174 2124 4212; x_wconf 90' lang='lat' dir='ltr'><strong>eorum.</strong></span> <span class='ocrx_word' id='word_1_408' title='bbox 2150 4161 2316 4223; x_wconf 71' lang='grc' dir='ltr'>Αιίιικ,</span> 
     </span>
    </p>
   </div>
   <div class='ocr_carea' id='block_1_93' title="bbox 1309 4224 2321 4300">
    <p class='ocr_par' dir='ltr' id='par_1_93' title="bbox 1309 4224 2321 4300">
     <span class='ocr_line' id='line_1_99' title="bbox 1309 4224 2321 4300; baseline 0.006 -27"><span class='ocrx_word' id='word_1_409' title='bbox 1309 4224 1608 4300; x_wconf 65' lang='lat' dir='ltr'><strong>vendidisti.</strong></span> <span class='ocrx_word' id='word_1_410' title='bbox 1642 4224 1787 4277; x_wconf 80' lang='lat' dir='ltr'><strong>Alius</strong></span> <span class='ocrx_word' id='word_1_411' title='bbox 1808 4263 1822 4287; x_wconf 89' lang='lat'><strong><em>,</em></strong></span> <span class='ocrx_word' id='word_1_412' title='bbox 1856 4227 1910 4279; x_wconf 94' lang='lat' dir='ltr'><strong>in</strong></span> <span class='ocrx_word' id='word_1_413' title='bbox 1941 4241 2047 4279; x_wconf 92' lang='lat' dir='ltr'><strong>non</strong></span> <span class='ocrx_word' id='word_1_414' title='bbox 2077 4228 2321 4281; x_wconf 85' lang='lat' dir='ltr'><strong>substan-</strong></span> 
     </span>
    </p>
   </div>
   <div class='ocr_carea' id='block_1_94' title="bbox 1310 4300 1402 4343">
    <p class='ocr_par' dir='ltr' id='par_1_94' title="bbox 1310 4300 1402 4343">
     <span class='ocr_line' id='line_1_100' title="bbox 1310 4300 1402 4343; baseline 0.011 -1"><span class='ocrx_word' id='word_1_415' title='bbox 1310 4300 1402 4343; x_wconf 81' lang='lat' dir='ltr'><strong>tta.</strong></span> 
     </span>
    </p>
   </div>
   <div class='ocr_carea' id='block_1_95' title="bbox 1379 4379 2322 4448">
    <p class='ocr_par' dir='ltr' id='par_1_95' title="bbox 1379 4379 2322 4448">
     <span class='ocr_line' id='line_1_101' title="bbox 1379 4379 2322 4448; baseline 0.005 -19"><span class='ocrx_word' id='word_1_416' title='bbox 1379 4379 1464 4432; x_wconf 76' lang='lat'><strong>1-1.</strong></span> <span class='ocrx_word' id='word_1_417' title='bbox 1494 4379 1725 4433; x_wconf 82' lang='lat' dir='ltr'><strong>Posuisti</strong></span> <span class='ocrx_word' id='word_1_418' title='bbox 1752 4395 1849 4433; x_wconf 89' lang='lat' dir='ltr'><strong>nos</strong></span> <span class='ocrx_word' id='word_1_419' title='bbox 1879 4382 2220 4448; x_wconf 86' lang='lat' dir='ltr'><strong>opprobrium</strong></span> <span class='ocrx_word' id='word_1_420' title='bbox 2244 4384 2322 4435; x_wconf 86' lang='lat' dir='ltr'><strong>vi-</strong></span> 
     </span>
    </p>
   </div>
   <div class='ocr_carea' id='block_1_96' title="bbox 1311 4448 2323 4511">
    <p class='ocr_par' dir='ltr' id='par_1_96' title="bbox 1311 4448 2323 4511">
     <span class='ocr_line' id='line_1_102' title="bbox 1311 4448 2323 4511; baseline 0.001 -11"><span class='ocrx_word' id='word_1_421' title='bbox 1311 4448 1445 4500; x_wconf 89' lang='lat' dir='ltr'><strong>cinis</strong></span> <span class='ocrx_word' id='word_1_422' title='bbox 1494 4448 1689 4500; x_wconf 90' lang='lat' dir='ltr'><strong>nostris</strong></span> <span class='ocrx_word' id='word_1_423' title='bbox 1713 4486 1727 4511; x_wconf 93' lang='lat'><strong>,</strong></span> <span class='ocrx_word' id='word_1_424' title='bbox 1767 4449 2235 4500; x_wconf 79' lang='lat' dir='ltr'><strong>subsannationem</strong></span> <span class='ocrx_word' id='word_1_425' title='bbox 2271 4460 2323 4502; x_wconf 84' lang='lat' dir='ltr'><strong>et</strong></span> 
     </span>
    </p>
   </div>
   <div class='ocr_carea' id='block_1_97' title="bbox 1310 4515 2321 4581">
    <p class='ocr_par' dir='ltr' id='par_1_97' title="bbox 1310 4515 2321 4581">
     <span class='ocr_line' id='line_1_103' title="bbox 1310 4515 2321 4581; baseline 0.001 -14"><span class='ocrx_word' id='word_1_426' title='bbox 1310 4515 1546 4567; x_wconf 86' lang='lat' dir='ltr'><strong>derisum</strong></span> <span class='ocrx_word' id='word_1_427' title='bbox 1589 4515 1652 4569; x_wconf 91' lang='lat' dir='ltr'><strong>iis</strong></span> <span class='ocrx_word' id='word_1_428' title='bbox 1697 4515 1787 4581; x_wconf 88' lang='lat' dir='ltr'><strong>qui</strong></span> <span class='ocrx_word' id='word_1_429' title='bbox 1822 4525 1945 4568; x_wconf 90' lang='lat' dir='ltr'><strong>sunt</strong></span> <span class='ocrx_word' id='word_1_430' title='bbox 1993 4516 2045 4566; x_wconf 93' lang='lat' dir='ltr'><strong>in</strong></span> <span class='ocrx_word' id='word_1_431' title='bbox 2095 4516 2321 4568; x_wconf 89' lang='lat' dir='ltr'><strong>circuitu</strong></span> 
     </span>
    </p>
   </div>
   <div class='ocr_carea' id='block_1_98' title="bbox 1312 4581 2320 4650">
    <p class='ocr_par' dir='ltr' id='par_1_98' title="bbox 1312 4581 2320 4650">
     <span class='ocr_line' id='line_1_104' title="bbox 1312 4581 2320 4650; baseline 0.004 -18"><span class='ocrx_word' id='word_1_432' title='bbox 1312 4591 1513 4650; x_wconf 84' lang='lat' dir='ltr'><strong>nostro.</strong></span> <span class='ocrx_word' id='word_1_433' title='bbox 1562 4582 1745 4650; x_wconf 54' lang='lat' dir='ltr'><strong>Atius,</strong></span> <span class='ocrx_word' id='word_1_434' title='bbox 1782 4597 2051 4650; x_wconf 84' lang='lat' dir='ltr'><strong>pompam.</strong></span> <span class='ocrx_word' id='word_1_435' title='bbox 2088 4581 2150 4645; x_wconf 83' lang='lat' dir='ltr'><strong>V,</strong></span> <span class='ocrx_word' id='word_1_436' title='bbox 2179 4585 2320 4636; x_wconf 84' lang='lat' dir='ltr'><strong>deri-</strong></span> 
     </span>
    </p>
   </div>
   <div class='ocr_carea' id='block_1_99' title="bbox 1314 4648 2147 4713">
    <p class='ocr_par' dir='ltr' id='par_1_99' title="bbox 1314 4648 2147 4713">
     <span class='ocr_line' id='line_1_105' title="bbox 1314 4648 2147 4713; baseline -0.001 -12"><span class='ocrx_word' id='word_1_437' title='bbox 1314 4648 1536 4703; x_wconf 88' lang='lat' dir='ltr'><strong>sionem.</strong></span> <span class='ocrx_word' id='word_1_438' title='bbox 1571 4648 1653 4712; x_wconf 84' lang='lat' dir='ltr'><strong>Vl,</strong></span> <span class='ocrx_word' id='word_1_439' title='bbox 1690 4648 1796 4713; x_wconf 66' lang='lat' dir='ltr'><strong>VII;</strong></span> <span class='ocrx_word' id='word_1_440' title='bbox 1831 4648 2147 4703; x_wconf 84' lang='lat' dir='ltr'><strong>irrisionem.</strong></span> 
     </span>
    </p>
   </div>
   <div class='ocr_carea' id='block_1_100' title="bbox 1386 4873 2320 4940">
    <p class='ocr_par' dir='ltr' id='par_1_100' title="bbox 1386 4873 2320 4940">
     <span class='ocr_line' id='line_1_106' title="bbox 1386 4873 2320 4940; baseline 0.003 -17"><span class='ocrx_word' id='word_1_441' title='bbox 1386 4874 1470 4926; x_wconf 83' lang='lat'><strong>15.</strong></span> <span class='ocrx_word' id='word_1_442' title='bbox 1500 4874 1731 4928; x_wconf 87' lang='lat' dir='ltr'><strong>Posuisti</strong></span> <span class='ocrx_word' id='word_1_443' title='bbox 1776 4888 1874 4927; x_wconf 91' lang='lat' dir='ltr'><strong>nos</strong></span> <span class='ocrx_word' id='word_1_444' title='bbox 1917 4876 1968 4926; x_wconf 91' lang='lat' dir='ltr'><strong>in</strong></span> <span class='ocrx_word' id='word_1_445' title='bbox 2019 4873 2320 4940; x_wconf 87' lang='lat' dir='ltr'><strong>parabolam</strong></span> 
     </span>
    </p>
   </div>
   <div class='ocr_carea' id='block_1_101' title="bbox 1316 4942 2324 5007">
    <p class='ocr_par' dir='ltr' id='par_1_101' title="bbox 1316 4942 2324 5007">
     <span class='ocr_line' id='line_1_107' title="bbox 1316 4942 2324 5007; baseline 0.003 -15"><span class='ocrx_word' id='word_1_446' title='bbox 1316 4942 1366 4993; x_wconf 91' lang='lat' dir='ltr'><strong>in</strong></span> <span class='ocrx_word' id='word_1_447' title='bbox 1403 4942 1665 5007; x_wconf 78' lang='lat' dir='ltr'><strong>gentibus,</strong></span> <span class='ocrx_word' id='word_1_448' title='bbox 1696 4942 2106 4994; x_wconf 85' lang='lat' dir='ltr'><strong>commotionem</strong></span> <span class='ocrx_word' id='word_1_449' title='bbox 2138 4942 2324 5007; x_wconf 83' lang='lat' dir='ltr'><strong>capitis</strong></span> 
     </span>
    </p>
   </div>
   <div class='ocr_carea' id='block_1_102' title="bbox 1318 5008 2319 5074">
    <p class='ocr_par' dir='ltr' id='par_1_102' title="bbox 1318 5008 2319 5074">
     <span class='ocr_line' id='line_1_108' title="bbox 1318 5008 2319 5074; baseline 0 -15"><span class='ocrx_word' id='word_1_450' title='bbox 1318 5008 1369 5059; x_wconf 92' lang='lat' dir='ltr'><strong>in</strong></span> <span class='ocrx_word' id='word_1_451' title='bbox 1399 5009 1627 5074; x_wconf 91' lang='lat' dir='ltr'><strong>populis.</strong></span> <span class='ocrx_word' id='word_1_452' title='bbox 1663 5008 1829 5070; x_wconf 76' lang='lat' dir='ltr'><strong>Alius,</strong></span> <span class='ocrx_word' id='word_1_453' title='bbox 1866 5010 1916 5060; x_wconf 92' lang='lat' dir='ltr'><strong>in</strong></span> <span class='ocrx_word' id='word_1_454' title='bbox 1944 5009 2319 5061; x_wconf 86' lang='lat' dir='ltr'><strong>narrationem.</strong></span> 
     </span>
    </p>
   </div>
   <div class='ocr_carea' id='block_1_103' title="bbox 1318 5074 1982 5138">
    <p class='ocr_par' dir='ltr' id='par_1_103' title="bbox 1318 5074 1982 5138">
     <span class='ocr_line' id='line_1_109' title="bbox 1318 5074 1982 5138; baseline 0.003 -13"><span class='ocrx_word' id='word_1_455' title='bbox 1318 5074 1485 5138; x_wconf 72' lang='lat' dir='ltr'><strong>Alius,</strong></span> <span class='ocrx_word' id='word_1_456' title='bbox 1527 5077 1982 5129; x_wconf 86' lang='lat' dir='ltr'><strong>transmotionem.</strong></span> 
     </span>
    </p>
   </div>
   <div class='ocr_carea' id='block_1_104' title="bbox 1390 5227 2325 5281">
    <p class='ocr_par' dir='ltr' id='par_1_104' title="bbox 1390 5227 2325 5281">
     <span class='ocr_line' id='line_1_110' title="bbox 1390 5227 2325 5281; baseline 0.001 -1"><span class='ocrx_word' id='word_1_457' title='bbox 1390 5227 1472 5280; x_wconf 91' lang='lat'><strong>16.</strong></span> <span class='ocrx_word' id='word_1_458' title='bbox 1528 5227 1659 5281; x_wconf 86' lang='lat' dir='ltr'><strong>Tota</strong></span> <span class='ocrx_word' id='word_1_459' title='bbox 1716 5228 1802 5280; x_wconf 89' lang='lat' dir='ltr'><strong>die</strong></span> <span class='ocrx_word' id='word_1_460' title='bbox 1847 5227 2159 5280; x_wconf 76' lang='lat' dir='ltr'><strong>verecundia</strong></span> <span class='ocrx_word' id='word_1_461' title='bbox 2208 5242 2325 5281; x_wconf 84' lang='lat' dir='ltr'><strong>mea</strong></span> 
     </span>
    </p>
   </div>
   <div class='ocr_carea' id='block_1_105' title="bbox 1317 5292 2324 5372">
    <p class='ocr_par' dir='ltr' id='par_1_105' title="bbox 1317 5292 2324 5372">
     <span class='ocr_line' id='line_1_111' title="bbox 1317 5292 2324 5372; baseline 0 -24"><span class='ocrx_word' id='word_1_462' title='bbox 1317 5305 1499 5348; x_wconf 88' lang='lat' dir='ltr'><strong>contra</strong></span> <span class='ocrx_word' id='word_1_463' title='bbox 1545 5310 1629 5348; x_wconf 88' lang='lat' dir='ltr'><strong>me</strong></span> <span class='ocrx_word' id='word_1_464' title='bbox 1659 5302 1755 5372; x_wconf 78' lang='lat' dir='ltr'><strong>est,</strong></span> <span class='ocrx_word' id='word_1_465' title='bbox 1804 5302 1857 5347; x_wconf 90' lang='lat' dir='ltr'><strong>et</strong></span> <span class='ocrx_word' id='word_1_466' title='bbox 1891 5294 2135 5348; x_wconf 82' lang='lat' dir='ltr'><strong>confusio</strong></span> <span class='ocrx_word' id='word_1_467' title='bbox 2172 5292 2324 5348; x_wconf 80' lang='lat' dir='ltr'><strong>faciei</strong></span> 
     </span>
    </p>
   </div>
   <div class='ocr_carea' id='block_1_106' title="bbox 1318 5373 1873 5432">
    <p class='ocr_par' dir='ltr' id='par_1_106' title="bbox 1318 5373 1873 5432">
     <span class='ocr_line' id='line_1_112' title="bbox 1318 5373 1873 5432; baseline 0 -18"><span class='ocrx_word' id='word_1_468' title='bbox 1318 5375 1449 5417; x_wconf 65' lang='lat' dir='ltr'><strong>mea;</strong></span> <span class='ocrx_word' id='word_1_469' title='bbox 1477 5373 1747 5432; x_wconf 80' lang='lat' dir='ltr'><strong>cooperuit</strong></span> <span class='ocrx_word' id='word_1_470' title='bbox 1772 5376 1873 5415; x_wconf 89' lang='lat' dir='ltr'><strong>me.</strong></span> 
     </span>
    </p>
   </div>
   <div class='ocr_carea' id='block_1_107' title="bbox 1390 5584 2327 5655">
    <p class='ocr_par' dir='ltr' id='par_1_107' title="bbox 1390 5584 2327 5655">
     <span class='ocr_line' id='line_1_113' title="bbox 1390 5584 2327 5655; baseline -0.002 -16"><span class='ocrx_word' id='word_1_471' title='bbox 1390 5586 1480 5642; x_wconf 89' lang='lat'><strong>17.</strong></span> <span class='ocrx_word' id='word_1_472' title='bbox 1508 5588 1552 5641; x_wconf 84' lang='grc' dir='ltr'>Λ</span> <span class='ocrx_word' id='word_1_473' title='bbox 1584 5600 1709 5641; x_wconf 78' lang='lat' dir='ltr'><strong>voce</strong></span> <span class='ocrx_word' id='word_1_474' title='bbox 1738 5585 2104 5655; x_wconf 86' lang='lat' dir='ltr'><strong>exprobrantis</strong></span> <span class='ocrx_word' id='word_1_475' title='bbox 2146 5591 2196 5637; x_wconf 85' lang='lat' dir='ltr'><strong>et</strong></span> <span class='ocrx_word' id='word_1_476' title='bbox 2232 5584 2327 5637; x_wconf 91' lang='lat' dir='ltr'><strong>ob-</strong></span> 
     </span>
    </p>
   </div>
   <div class='ocr_carea' id='block_1_108' title="bbox 2672 483 3068 561">
    <p class='ocr_par' dir='ltr' id='par_1_108' title="bbox 2672 483 3068 561">
     <span class='ocr_line' id='line_1_114' title="bbox 2672 483 3068 561; baseline 0.013 -25"><span class='ocrx_word' id='word_1_477' title='bbox 2672 483 3068 561; x_wconf 38' lang='lat' dir='ltr'><strong>enecentur.-</strong></span> 
     </span>
    </p>
   </div>
   <div class='ocr_carea' id='block_1_109' title="bbox 2438 637 2523 694">
    <p class='ocr_par' dir='ltr' id='par_1_109' title="bbox 2438 637 2523 694">
     <span class='ocr_line' id='line_1_115' title="bbox 2438 637 2523 694; baseline 0.024 -3"><span class='ocrx_word' id='word_1_478' title='bbox 2438 637 2523 694; x_wconf 90' lang='lat'><strong>10.</strong></span> 
     </span>
    </p>
   </div>
   <div class='ocr_carea' id='block_1_110' title="bbox 2442 1011 2527 1064">
    <p class='ocr_par' dir='ltr' id='par_1_110' title="bbox 2442 1011 2527 1064">
     <span class='ocr_line' id='line_1_116' title="bbox 2442 1011 2527 1064; baseline 0.012 -1"><span class='ocrx_word' id='word_1_479' title='bbox 2442 1011 2527 1064; x_wconf 84' lang='lat'><strong>11.</strong></span> 
     </span>
    </p>
   </div>
   <div class='ocr_carea' id='block_1_111' title="bbox 2444 1459 2529 1511">
    <p class='ocr_par' dir='ltr' id='par_1_111' title="bbox 2444 1459 2529 1511">
     <span class='ocr_line' id='line_1_117' title="bbox 2444 1459 2529 1511; baseline 0.012 -1"><span class='ocrx_word' id='word_1_480' title='bbox 2444 1459 2529 1511; x_wconf 80' lang='lat'><strong>15.</strong></span> 
     </span>
    </p>
   </div>
   <div class='ocr_carea' id='block_1_112' title="bbox 2444 1742 2890 1813">
    <p class='ocr_par' dir='ltr' id='par_1_112' title="bbox 2444 1742 2890 1813">
     <span class='ocr_line' id='line_1_118' title="bbox 2444 1742 2890 1813; baseline 0 -16"><span class='ocrx_word' id='word_1_481' title='bbox 2444 1745 2529 1798; x_wconf 74' lang='lat'><strong>11.</strong></span> <span class='ocrx_word' id='word_1_482' title='bbox 2562 1742 2890 1813; x_wconf 80' lang='grc' dir='ltr'>Χλευασμόν.</span> 
     </span>
    </p>
   </div>
   <div class='ocr_carea' id='block_1_113' title="bbox 2450 2103 2513 2154">
    <p class='ocr_par' dir='ltr' id='par_1_113' title="bbox 2450 2103 2513 2154">
     <span class='ocr_line' id='line_1_119' title="bbox 2450 2103 2513 2154; baseline 0.016 -1"><span class='ocrx_word' id='word_1_483' title='bbox 2450 2103 2513 2154; x_wconf 81' lang='lat'><strong>15</strong></span> 
     </span>
    </p>
   </div>
   <div class='ocr_carea' id='block_1_114' title="bbox 2437 2388 2518 2441">
    <p class='ocr_par' dir='ltr' id='par_1_114' title="bbox 2437 2388 2518 2441">
     <span class='ocr_line' id='line_1_120' title="bbox 2437 2388 2518 2441; baseline 0 0"><span class='ocrx_word' id='word_1_484' title='bbox 2437 2388 2518 2441; x_wconf 87' lang='lat'><strong>16.</strong></span> 
     </span>
    </p>
   </div>
   <div class='ocr_carea' id='block_1_115' title="bbox 2454 2615 2534 2666">
    <p class='ocr_par' dir='ltr' id='par_1_115' title="bbox 2454 2615 2534 2666">
     <span class='ocr_line' id='line_1_121' title="bbox 2454 2615 2534 2666; baseline 0.013 -1"><span class='ocrx_word' id='word_1_485' title='bbox 2454 2615 2534 2666; x_wconf 86' lang='lat'><strong>17.</strong></span> 
     </span>
    </p>
   </div>
   <div class='ocr_carea' id='block_1_116' title="bbox 2680 2827 3079 2887">
    <p class='ocr_par' dir='ltr' id='par_1_116' title="bbox 2680 2827 3079 2887">
     <span class='ocr_line' id='line_1_122' title="bbox 2680 2827 3079 2887; baseline -0.005 -2"><span class='ocrx_word' id='word_1_486' title='bbox 2680 2827 3079 2887; x_wconf 83' lang='lat' dir='ltr'><strong>TllEODOTlO.</strong></span> 
     </span>
    </p>
   </div>
   <div class='ocr_carea' id='block_1_117' title="bbox 2452 2927 2535 2980">
    <p class='ocr_par' dir='ltr' id='par_1_117' title="bbox 2452 2927 2535 2980">
     <span class='ocr_line' id='line_1_123' title="bbox 2452 2927 2535 2980; baseline 0 -1"><span class='ocrx_word' id='word_1_487' title='bbox 2452 2927 2535 2980; x_wconf 85' lang='grc'><strong>10.</strong></span> 
     </span>
    </p>
   </div>
   <div class='ocr_carea' id='block_1_118' title="bbox 2456 3304 2537 3356">
    <p class='ocr_par' dir='ltr' id='par_1_118' title="bbox 2456 3304 2537 3356">
     <span class='ocr_line' id='line_1_124' title="bbox 2456 3304 2537 3356; baseline 0 -1"><span class='ocrx_word' id='word_1_488' title='bbox 2456 3304 2537 3356; x_wconf 84' lang='grc'><strong>11.</strong></span> 
     </span>
    </p>
   </div>
   <div class='ocr_carea' id='block_1_119' title="bbox 2458 3662 2543 3712">
    <p class='ocr_par' dir='ltr' id='par_1_119' title="bbox 2458 3662 2543 3712">
     <span class='ocr_line' id='line_1_125' title="bbox 2458 3662 2543 3712; baseline -0.012 0"><span class='ocrx_word' id='word_1_489' title='bbox 2458 3662 2543 3712; x_wconf 72' lang='lat'><strong>1‘2.</strong></span> 
     </span>
    </p>
   </div>
   <div class='ocr_carea' id='block_1_120' title="bbox 2462 4020 2546 4072">
    <p class='ocr_par' dir='ltr' id='par_1_120' title="bbox 2462 4020 2546 4072">
     <span class='ocr_line' id='line_1_126' title="bbox 2462 4020 2546 4072; baseline 0.012 -2"><span class='ocrx_word' id='word_1_490' title='bbox 2462 4020 2546 4072; x_wconf 69' lang='lat'><strong>15.</strong></span> 
     </span>
    </p>
   </div>
   <div class='ocr_carea' id='block_1_121' title="bbox 2459 4379 2923 4434">
    <p class='ocr_par' dir='ltr' id='par_1_121' title="bbox 2459 4379 2923 4434">
     <span class='ocr_line' id='line_1_127' title="bbox 2459 4379 2923 4434; baseline -0.004 -2"><span class='ocrx_word' id='word_1_491' title='bbox 2459 4381 2542 4433; x_wconf 70' lang='lat'><strong>11.</strong></span> <span class='ocrx_word' id='word_1_492' title='bbox 2570 4379 2923 4434; x_wconf 89' lang='lat' dir='ltr'><strong>Derisionem.</strong></span> 
     </span>
    </p>
   </div>
   <div class='ocr_carea' id='block_1_122' title="bbox 2464 4876 2543 4928">
    <p class='ocr_par' dir='ltr' id='par_1_122' title="bbox 2464 4876 2543 4928">
     <span class='ocr_line' id='line_1_128' title="bbox 2464 4876 2543 4928; baseline 0.013 -1"><span class='ocrx_word' id='word_1_493' title='bbox 2464 4876 2543 4928; x_wconf 77' lang='lat'><strong>15.</strong></span> 
     </span>
    </p>
   </div>
   <div class='ocr_carea' id='block_1_123' title="bbox 2468 5229 2553 5284">
    <p class='ocr_par' dir='ltr' id='par_1_123' title="bbox 2468 5229 2553 5284">
     <span class='ocr_line' id='line_1_129' title="bbox 2468 5229 2553 5284; baseline 0.047 -3"><span class='ocrx_word' id='word_1_494' title='bbox 2468 5229 2553 5284; x_wconf 87' lang='grc'><strong>16.</strong></span> 
     </span>
    </p>
   </div>
   <div class='ocr_carea' id='block_1_124' title="bbox 2469 5585 2557 5642">
    <p class='ocr_par' dir='ltr' id='par_1_124' title="bbox 2469 5585 2557 5642">
     <span class='ocr_line' id='line_1_130' title="bbox 2469 5585 2557 5642; baseline 0.034 -4"><span class='ocrx_word' id='word_1_495' title='bbox 2469 5585 2557 5642; x_wconf 83' lang='lat'><strong>17.</strong></span> 
     </span>
    </p>
   </div>
   <div class='ocr_carea' id='block_1_125' title="bbox 3268 370 3372 430">
    <p class='ocr_par' dir='ltr' id='par_1_125' title="bbox 3268 370 3372 430">
     <span class='ocr_line' id='line_1_131' title="bbox 3268 370 3372 430; baseline 0.038 -4"><span class='ocrx_word' id='word_1_496' title='bbox 3268 370 3372 430; x_wconf 79' lang='lat'><strong>790</strong></span> 
     </span>
    </p>
   </div>
  </div>
