3882 6362
624 431 757 485 1007

895 540 978 591 Τυ
1016 538 1369 592 ΕΒΡΑΙΚΟΝ.

622 710 736 755 "nx
772 681 1055 783 nausa-x5
1076 680 1180 756 1:5
1213 680 1626 821 inn-#17763,"

927 930 1120 979 nam:
1156 928 1297 978 amr
1330 926 1460 1002 ypnv
1492 918 1557 971 t5

945 1090 1077 1140 mn
1109 1063 1241 1166 ἶν’-π
1275 1062 1455 1138 111-1135
1492 1079 1555 1132 t7

1328 1245 1458 1292 nm
1491 1235 1560 1288 20

1264 1332 1460 1384 manu
1494 1323 1557 1375 2i

626 1398 738 1473 εηὸ
760 1428 772 1469 :
793 1397 893 1470 πώ
926 1421 1013 1497 ττι]
1044 1419 1346 1497 mmmam
1379 1413 1446 1464 25
1466 1412 1564 1474 .24

910 1502 914 1507 ’
935 1485 942 1497 ’
1141 1485 1258 1559 κυνικέ
1288 1485 1390 1559 5m
1425 1508 1629 1559 minus

624 1649 744 1703 tm
776 1647 911 1699 mm
945 1647 1146 1697 uim:
1194 1646 1329 1723 tiva
1364 1644 1458 1700 ubi
1495 1635 1563 1723 ἓξ

1497 1712 1632 1789 rem

625 1874 757 1923 mw
819 1872 963 1925 Ἓν)
1020 1846 1216 1925 ειηνιη
1266 1869 1448 1919 ’νοω
1494 1860 1560 1913 27

1064 1962 1162 2036 ηπ)
1196 1962 1293 2037 ἢν
1328 1960 1461 2010 ωηεν
1491 1936 1633 2013 Sinni

621 2099 756 2149 aut:
821 2099 993 2149 πωπω
1053 2100 1218 2175 rip:
1285 2068 1631 2215 ⁸-7ξὲυέᾒὸ

628 2327 860 2376 omam
917 2326 1038 2375 am:
1079 2297 1567 2378 mw’1,1‘73w1_29

820 2368 1055 2444 timui-17:
1087 2368 1220 2442 iiii:
1234 2368 1503 2442 sane;
1536 2389 1632 2439 nni

733 2719 975 2775 VERSIO
1004 2713 1316 2771 HEBRAICI
1355 2709 1551 2764 TEXT.

697 2915 977 2970 Generatio
1023 2928 1129 2967 non
1174 2909 1487 2982 praeparavit
1530 2921 1635 2982 for

630 3001 785 3041 suum
817 3005 829 3039 :
864 2998 963 3037 nec
1014 2974 1191 3036 ﬁdelis
1238 2974 1338 3033 fuit
1373 2993 1492 3031 cum
1530 2974 1636 3027 Deo

630 3055 846 3123 spiritus
891 3053 1028 3119 ejus.
1076 3050 1313 3123 Hierom,
1367 3045 1638 3115 generatio

629 3120 748 3191 quae
781 3138 885 3176 non
933 3120 1245 3191 praeparavit
1286 3131 1386 3191 cor
1432 3128 1586 3191 suum
1621 3130 1633 3164 :

629 3184 683 3246 et
711 3206 816 3244 non
844 3184 1062 3243 credidit
1086 3187 1193 3241 Deo
1220 3186 1435 3255 spiritus
1467 3184 1599 3250 ejus.

701 3279 785 3332 15.
848 3277 1017 3345 Scidit
1056 3285 1233 3345 petras
1291 3274 1345 3345 in
1410 3272 1635 3345 deserto.

633 3348 876 3412 Hierom,
911 3340 1075 3399 scidit
1095 3353 1297 3414 petram
1331 3341 1384 3394 in
1409 3340 1635 3393 deserto.

702 3436 797 3490 i7.
819 3436 897 3488 Ad
924 3429 1635 3490 exacerbandum'Excelsum

632 3506 684 3559 iu
713 3504 1014 3559 solitudine.
1048 3502 1362 3562 Hieron.,ut
1386 3512 1640 3568 provoca-

631 3583 749 3628 rent
776 3574 1053 3627 Excelsum
1085 3574 1137 3624 in
1166 3570 1329 3623 invio.

698 3663 784 3716 20.
814 3661 1061 3715 Carnem.
1099 3660 1330 3721 "ieram,
1360 3658 1435 3708 id.

699 3750 787 3802 2|.
823 3748 884 3803 Et
910 3749 1076 3800 iratus
1125 3752 1225 3799 est.
1262 3743 1497 3807 Hieron.,
1530 3755 1638 3795 non

634 3818 857 3872 distulit.

700 3907 788 3969 24,
819 3905 907 3958 25.
938 3903 1003 3955 Et
1030 3901 1269 3969 triticum
1299 3900 1513 3954 cteleste
1547 3899 1638 3969 de-

633 3977 713 4030 dit
740 3968 817 4028 eis
847 3991 861 4026 :
911 3986 1119 4040 panem
1152 3968 1370 4023 fortium
1416 3968 1645 4022 comedit

634 4046 733 4098 vir.
782 4038 1018 4102 "ierim,
1066 4038 1140 4092 id.

701 4131 789 4184 26.
847 4128 1115 4182 Prolicisci
1174 4124 1306 4180 fecit
1352 4140 1539 4180 eurum
1591 4127 1647 4180 in

636 4203 803 4261 cmlis,
832 4207 885 4251 et
912 4196 1119 4250 induxit
1145 4194 1197 4248 in
1224 4194 1532 4248 fortitudine
1553 4209 1648 4247 sua

636 4278 893 4323 austrum.
960 4264 1195 4325 Ηὶενοη.9
1223 4264 1436 4317 abstulit
1460 4278 1648 4316 eurum

636 4341 701 4390 de
737 4337 893 4400 caelo,
922 4345 975 4388 et
1001 4332 1212 4387 induxit
1250 4333 1305 4386 in
1331 4330 1646 4386 fortitudine

637 4421 734 4459 sua
764 4403 1026 4461 al'ricum.l

704 4499 793 4552 27.
820 4496 883 4550 Et
904 4497 1038 4565 pluit
1063 4508 1221 4564 super
1251 4509 1344 4565 eos
1374 4493 1512 4547 sicut
1533 4493 1649 4561 pul-

637 4582 810 4622 verem
868 4563 1104 4623 carnein.
1132 4563 1210 4616 ’et
1259 4563 1398 4616 sicut
1433 4577 1648 4615 arenam

637 4635 863 4688 marium
895 4634 1103 4687 volatile
1136 4632 1355 4685 alatum.
1404 4630 1645 4696 Hierom,

638 4712 691 4757 et
723 4703 856 4770 pluit
883 4716 1041 4770 super
1064 4714 1158 4754 eos
1184 4700 1339 4768 quasi
1373 4700 1647 4770 pulverem

638 4767 845 4831 carnes,
871 4781 923 4823 et
946 4767 1101 4839 Quasi
1123 4767 1338 4822 arenam
1365 4767 1527 4821 maris
1554 4782 1648 4820 vo-

639 4840 801 4892 latilia
833 4849 1079 4906 pennata.

705 4929 792 4981 28.
812 4927 875 4978 Et
899 4928 1088 4981 cadere
1114 4925 1235 4981 fecit
1266 4926 1318 4979 in
1349 4927 1522 4980 medio
1552 4942 1643 4980 ca-

642 4996 1052 5049 strametatiouis
1092 4996 1208 5062 ejus
1250 4995 1391 5048 circa
1441 4995 1647 5048 habita-

643 5064 759 5116 cula
781 5065 912 5130 ejus.
936 5063 1169 5128 "ieram,
1190 5072 1241 5115 et
1266 5064 1567 5117 ceciderunt
1593 5064 1646 5116 in

642 5132 816 5184 medio
844 5139 1140 5184 castrorum
1196 5146 1402 5195 eorum,
1455 5131 1506 5183 in
1538 5133 1646 5185 cir-

645 5200 787 5250 cuitu
814 5199 1272 5253 tabernaculorum
1305 5214 1509 5254 eorum.

711 5288 801 5341 29.
855 5288 922 5341 Et
971 5290 1331 5353 comederunt,
1393 5299 1445 5345 et
1503 5302 1647 5346 satu-

646 5357 744 5408 rati
772 5366 895 5410 sunt
930 5359 1097 5419 valde,
1132 5370 1183 5412 et
1209 5360 1525 5413 desiderium
1552 5376 1645 5413 eo-

646 5438 766 5475 rum
804 5424 973 5476 attulit
1002 5426 1097 5485 eis,
1143 5441 1246 5478 non
1279 5428 1489 5480 alienati
1524 5438 1648 5482 sunt

648 5506 678 5542 a
710 5491 968 5543 desiderio
992 5508 1108 5545 suo.
1127 5493 1364 5556 Ηίενοιι..
1393 5505 1445 5549 et
1468 5511 1647 5550 come-

647 5558 837 5634 (ξω-ειμι
863 5566 915 5634 et
945 5563 1162 5613 saturati
1204 5564 1557 5634 suntnimis:
1592 5576 1646 5617 et

648 5624 969 5678 desiderium
995 5641 1175 5680 eorum
1205 5631 1379 5683 attulit
1398 5636 1475 5686 eis
1505 5648 1518 5683 :
1546 5647 1653 5686 non

651 5692 990 5759 indiguerunt
1024 5696 1086 5748 de
1111 5698 1394 5765 cupiditate
1421 5702 1551 5767 sua.l

1506 480 1511 489 ,
1602 418 2065 480 IIEXAPLORUM
2100 416 2262 484 QUAS
2301 412 2736 471 SUPERSUNT.

3653 403 3755 459 1008

1968 532 2052 583 ΤΟ
2091 532 2430 584 ΕΒΡΑΙΚΟΝ
3186 512 3462 568 ΑΚΥΔΑΣ.

1875 600 2194 669 Ἑλληνικοῖς
2234 601 2537 669 γράμμασι.
2616 644 2619 647 ,

2932 711 2950 727 .
2986 712 3001 728 .
3040 671 3138 723 καὶ
3166 669 3410 739 ἀϐέβαιος
3434 670 3553 739 πρὸς
3577 669 3650 723 τὸν
3667 671 3756 725 Θεὸν

2789 743 2876 815 τῷ
2910 740 3192 810 πνεύματι
3222 737 3298 807 τῷ
3323 737 3521 808 ἑαυτῆς.

1764 921 1850 974 15.
2870 899 2968 954 15.
2998 899 3231 967 Ἔσχισε
3259 894 3478 965 πέτρους
3508 894 3559 946 ὲν
3586 895 3738 966 ἐρήμῳ,

1769 1079 1855 1132 17.
2876 1060 2971 1113 17.
3009 1056 3122 1110 Τοῦ
3151 1071 3302 1126 προσε

2795 1130 3022 1184 ἀϐάτῳ.

2876 1060 2971 1113 17.
3009 1056 3122 1110 Τοῦ
3151 1054 3462 1126 προσερίσαι
3500 1052 3693 1124 Ὑψίστῳ
3723 1056 3751 1105 ἐν

2795 1130 3022 1184 ἀϐάτῳ.
3391 1170 3395 1175 .

2795 1146 3022 1198 αοατῳ.
3391 1170 3395 1175 .

1763 1234 1850 1288 20.
2874 1218 2972 1273 20.
3008 1216 3187 1285 Κρέα.

1765 1324 1855 1378 21.
2877 1308 2946 1361 21
2960 1348 2974 1360 .
3008 1304 3122 1359 Καὶ
3144 1301 3571 1373 ἀνυπερθέτησεν.

1757 1413 1843 1479 24,
1869 1413 1961 1468 25.
2879 1397 2979 1479 at,
3014 1396 3108 1479 es.
3236 1392 3290 1462 ἄε

2879 1397 2979 1479 24'.
3014 1396 3108 1479 25.
3236 1392 3395 1462 ἄρτον
3422 1388 3653 1445 δυναστῶν
3678 1386 3758 1455 5;:-

2801 1483 2909 1535 γεν
2944 1466 3051 1536 ἀνή
3059 1482 3114 1535 ρ.

1769 1638 1857 1693 26.
2885 1624 2985 1679 26.

1764 1862 1854 1916 27.
2884 1851 2983 1907 27.

1772 2087 1862 2141 28.
2885 2081 2984 2137 28.

1770 2312 1857 2366 29.
2890 2308 2982 2363 29.

1896 2704 2215 2763 VULGATA
2256 2705 2527 2761 LATINA.
3209 2711 3481 2780 AQUILA.

1774 2905 2055 2960 Generatio
2092 2920 2211 2974 quae
2250 2912 2356 2959 non
2413 2904 2610 2982 direxit
2642 2921 2747 2960 cor
2901 2952 2919 2982 .
2954 2949 2970 2982 _.
3012 2951 3027 2965 .
3069 2921 3127 2967 et
3178 2927 3292 2967 non
3344 2913 3485 2968 ﬁrma
3525 2925 3626 2982 erga
3652 2909 3755 2964 Deum

1706 2989 1862 3050 suum
1889 2993 1918 3050 ;_
1954 2984 2006 3050 et
2054 2991 2157 3050 non
2212 2983 2295 3029 est
2339 2974 2581 3029 creditus
2609 2990 2745 3030 cum
2822 2980 3029 3050 spiritu
3059 2996 3186 3037 suo.

1706 3043 1813 3097 Deo
1843 3045 2059 3113 spiritus
2089 3042 2225 3112 ejus.

1778 3272 1862 3325 15.
1923 3269 2211 3339 Interrupit
2261 3277 2469 3337 petram
2514 3268 2572 3323 in
2609 3283 2747 3326 ere-

1709 3355 1819 3393 mo.

1779 3429 1868 3509 t7._
1893 3430 1951 3509 In
1985 3427 2116 3481 iram
2147 3426 2519 3481 excitaverunt
2547 3426 2752 3486 Excel-

1708 3514 1825 3553 sum
1856 3514 1910 3551 in
1939 3511 2220 3566 inaquoso.

2901 3274 2993 3329 15.
3022 3275 3202 3333 Scidit
3228 3286 3406 3349 petras
3441 3278 3490 3333 in
3510 3277 3689 3332 deserto.

2901 3438 2996 3520 fi.
3035 3440 3121 3521 ᾼὰ
3143 3442 3452 3520 litigandum
3486 3454 3591 3495 cum
3614 3433 3760 3491 Altissi-

2824 3521 2922 3563 mo
2960 3525 3018 3563 ll)
3051 3526 3222 3566 lﬂVla.

1776 3657 1865 3711 20.

1774 3748 1862 3803 21.
1894 3747 2127 3804 Distulit.

2898 3665 2995 3719 20.
3027 3666 3254 3724 Carnes.

2898 3757 2995 3811 2i.
3038 3760 3109 3813 Et
3147 3775 3255 3814 non
3284 3758 3499 3815 distulit.

1782 3906 1877 3991 2‘”,
1888 3903 2744 3991 2⁵·ΕΕΡᾏΠ9ΜῌΡΪἚῙΞΞ
2846 3984 2884 3991 __
2903 3918 3341 3991 24.25...panem
3364 3917 3619 3991 potentium
3640 3922 3753 3968 comt-

1714 3990 1903 4044 panem
1932 3973 2239 4041 angelorum
2268 3973 2615 4028 manducavit
2639 3975 2753 4029 ho-
2829 3984 2914 4039 dit
2949 3973 3057 4041 νίιι,

1714 4059 1823 4097 mo.

1781 4132 1870 4186 26.
1896 4132 2192 4186 Transtulit
2216 4140 2461 4186 austrum
2485 4131 2552 4187 de
2574 4134 2753 4198 coelo,

1716 4208 1770 4255 et
1789 4201 1998 4255 induxit
2030 4201 2083 4254 in
2114 4202 2311 4256 virtute
2353 4216 2453 4256 sua
2482 4200 2750 4258 africum.

2905 4141 3003 4197 26.

1783 4494 1875 4550 27.
1909 4492 1974 4547 Et
2040 4492 2174 4562 pluit
2237 4509 2399 4562 super
2444 4496 2572 4550 eos‘
2602 4498 2758 4556 sicut

1716 4563 1985 4631 pulverem
2015 4577 2222 4625 carnes,
2259 4572 2313 4615 et
2340 4564 2484 4617 sicut
2520 4580 2755 4624 arenam

1717 4632 1879 4687 maris
1901 4631 2135 4685 volatilia
2162 4639 2411 4700 pennata.

2909 4506 3002 4562 27.

1779 4925 1867 4980 28.
1898 4924 1963 4979 Et
2001 4925 2306 4980 ceciderunt
2334 4926 2389 4979 in
2435 4927 2623 4983 medio
2651 4946 2757 4988 ca-

1714 5002 1945 5050 strorurn
1970 5006 2161 5050 eorum
2204 4996 2349 5050 circa
2390 4996 2753 5057 tabernacula

1710 5078 1918 5118 eorum.

2905 4939 3002 4998 28.

1781 5293 1871 5348 29.
1917 5293 1980 5348 Et
2035 5293 2492 5347 manducaveruut
2549 5305 2607 5351 et
2673 5315 2760 5354 sa.

1716 5363 1881 5415 turati
1914 5373 2037 5418 sunt
2094 5364 2272 5426 nimis,
2310 5372 2363 5415 et
2411 5363 2754 5422 desiderium

1714 5445 1901 5484 eorum
1930 5434 2105 5487 attulit
2141 5434 2219 5485 eis
2246 5449 2258 5484 :
2293 5448 2399 5485 non
2433 5441 2563 5488 sunt
2592 5436 2756 5491 frau-

1716 5499 1823 5553 dati
1857 5516 1889 5555 a
1917 5504 2180 5557 desiderio
2205 5515 2322 5556 suo.

2906 5304 2998 5361 29.
3014 5368 3019 5379 ,
