3992 6494
193 443 317 499 1215

486 558 885 613 ΣΥΜΜΑΧΟΣ.

254 718 332 773 12.
357 716 445 789 Τῷ
487 717 717 789 Ἰσραήλ.

256 811 334 863 15.

253 966 331 1021 18.
370 966 485 1028 Πᾶς
507 968 535 1021 ὁ
558 964 831 1029 πεποιθὼς
860 965 1061 1030 αὐτοῖς.

468 1197 912 1256 SYMMACIIUS.

258 1288 337 1341 12.
369 1286 474 1357 Ipsi
505 1288 689 1343 Israel.

260 1385 345 1439 15.

223 1547 338 1629 ,18.
385 1543 575 1602 Omnis
609 1561 701 1617 qui
754 1548 992 1605 conﬁsus
1041 1552 1125 1601 est
1157 1545 1213 1600 in

194 1634 281 1676 BIS.

1470 436 1791 494 PSALMUS
1828 434 2110 493 CXXXVI.

1764 557 1840 610 0'.

1353 716 1440 770 12.
1488 718 1718 788 Ἰσραήλ.

1351 808 1438 862 15.
1462 810 1534 861 Τὸ
1562 808 1900 879 μνημόσυνόν
1929 824 2042 860 σου.
2079 807 2311 870 Ἄλλος,

1277 879 1311 949 ἠ
1339 879 1643 949 ἀνάμνησίς
1669 895 1785 934 σου.

1344 967 1431 1021 18.
1456 970 1658 1030 Πάντες
1692 970 1741 1020 οἱ
1769 967 2082 1030 πεποιθότες
2103 968 2189 1020 ἐπ’
2204 967 2315 1020 ἀὐ-

1465 1202 1606 1255 LXX
1644 1202 2139 1258 INTERPRETES.

1360 1292 1447 1346 12.
1481 1292 1665 1347 Israel.

1359 1383 1447 1438 15.
1476 1382 1786 1438 Memoriale
1810 1392 1984 1438 tuum.
2028 1385 2200 1454 Alius,
2233 1400 2320 1441 re-

1285 1454 1529 1508 cordatio
1560 1462 1671 1508 tua.

1361 1545 1447 1599 18.
1480 1544 1680 1600 Omnes
1712 1545 1805 1614 qui
1838 1546 2113 1600 conﬁdunt
2134 1546 2188 1600 in
2217 1545 2317 1601 eis.

1290 1615 1355 1681 ν,
1409 1616 1586 1696 omnis
1631 1616 1724 1684 qui
1750 1624 1963 1696 _sperat
1992 1617 2048 1670 in
2090 1618 2189 1672 eis.
2227 1614 2317 1673 VI.

1290 1700 1469 1740 omnis
1498 1700 1722 1754 sperans
1748 1701 1802 1739 m
1829 1701 1913 1740 ea.

3274 425 3411 481 1214

2692 548 3075 603 ΘΕΟΔΟΤΙΩΝμ

2457 710 2543 764 12.
2573 708 2664 779 Τῷ
2704 710 2934 781 Ἰσραήλ.

2459 802 2546 856 15.

2457 962 2679 1017 18.Καί
2732 962 2937 1025 πάντες
2997 962 3047 1013 οἱ
3107 960 3416 1025 ἐλπίζοντες

1275 1040 1410 1101 τοῖς.
1442 1039 1517 1103 E',
1553 1040 1658 1101 πᾶς
1679 1038 1736 1100 ὃς
1760 1038 1965 1101 ἐλπίζει
1994 1040 2079 1089 ἐπ’
2109 1039 2310 1100 αὐτοῖς.
2385 1032 2471 1085 ἐπ’
2513 1033 2671 1086 αὐτά.

1279 1110 1370 1173 ς’,
1407 1110 1512 1170 πᾶς
1534 1110 1562 1160 ὁ
1595 1108 1827 1171 ἐλπίζων
1858 1110 1943 1161 ἐπ’
1971 1107 2129 1163 αὑτά.

2702 1195 3111 1254 THEODOTIO.

2462 1294 2549 1348 12.
2583 1291 2688 1363 Ipsi
2727 1290 2913 1346 Israel.

2465 1382 2553 1436 15.

2463 1541 2553 1599 I8.
2583 1540 2649 1599 Et
2682 1557 2872 1597 omnes
2904 1546 3184 1610 sperantes
3218 1536 3273 1592 in
3309 1549 3390 1594 ea.

926 1783 1103 1842 Nota)
1146 1785 1207 1840 et
1250 1776 1442 1838 variae
1486 1775 1797 1837 lectiones
1837 1776 2265 1864 ad'Psalmum
2319 1776 2669 1839 CXXXIV.

254 1908 380 1990 Ibid.
418 1909 527 1990 Ἅι..
556 1909 640 1988 Σ.,,
669 1906 764 1990 Θ.,¹
783 1907 859 1988 β’,
890 1905 1072 1990 ’,ιοὲκ
1098 1903 1397 1990 θησαυρῶεί
1412 1900 1616 1990 αιῦτςρἶ.

197 1979 437 2034 Drusius.
469 1970 727 2047 Suspicor
752 1978 839 2031 hic
868 1970 1047 2028 αὐτῶν
1089 1970 1188 2043 pro
1235 1970 1399 2026 αὺτοῦ
1445 1988 1474 2026 a
1525 1970 1749 2026 librario

197 2052 468 2104 Inductum
503 2047 523 2100 1
527 2050 694 2102 uisse.

1928 1902 1995 1956 V.
2031 1903 2113 1957 15.
2143 1904 2376 1966 Ἄλλος,

2456 1900 2776 1970 ἀνάμνηῖις.
2799 1895 2965 1951 Idem.

1934 1971 1994 2026 ν.
2027 1973 2114 2027 18.
2159 1974 2263 2037 Ἀ.,
2295 1958 2401 2033 πᾶς
2427 1958 2489 2032 ’ὃς
2519 1958 2625 2024 εἰς.
2656 1958 2772 2030 Sic,
2806 1984 2911 2020 non
2938 1965 3049 2037 πᾶς
3074 1963 3132 2028 ὁ,
3172 1973 3230 2016 ιιι
3267 1958 3430 2015 habet

1866 2040 2116 2110 Drusius,
2145 2043 2236 2113 qui
2265 2043 2363 2096 has
2392 2055 2584 2097 omnes
2608 2039 2863 2094 lectiones
2888 2036 3076 2091 adfert.

259 2119 321 2177 V.
352 2119 436 2175 12.
480 2119 583 2185 Ἀ.,
610 2119 693 2183 Σ.,
716 2117 803 2185 6.,
840 2115 919 2186 τῷ
960 2114 1195 2187 Ἰσραήλ.
1229 2113 1477 2169 Drusius.

499 2444 904 2501 ΣΥΜΜΑΧΟΣ.

260 2610 309 2663 6.

262 2841 312 2894 7.
347 2841 503 2893 Φῶτα
528 2837 755 2908 μεγάλα.

268 2936 320 2989 8.

264 3091 359 3143 153
383 3090 477 3152 Εἰς
503 3087 687 3157 τομάς.

263 3254 351 3307 25.
392 3250 777 3326 Διδοὺςρᾇτον
815 3246 963 3318 πάσῃ
996 3243 1178 3319 σαρκί.

475 3404 552 3471 si
566 3400 920 3470 animus.

268 3513 320 3567 6.

275 3747 327 3798 7.
360 3744 438 3798 Lu
448 3741 675 3797 minaria
706 3752 925 3808 magna.

275 3909 330 3962 8.

273 4072 363 4125 15.
394 4070 453 4124 In
486 4043 776 4123 sectiones.

273 4231 367 4286 25.
405 4229 509 4296 Qui
540 4229 631 4284 dat
658 4240 852 4299 panem
889 4221 1036 4280 omni
1068 4218 1241 4275 carni.

1460 2286 1822 2351 PSALMUS
1861 2284 2176 2348 CXXXV.

1787 2436 1864 2490 0'.

1366 2600 1418 2653 6.
1446 2600 1809 2668 Στερεωσαντι
1844 2596 1940 2668 τῂν
1972 2592 2073 2668 γῆν
2117 2590 2206 2643 ἐπὶ
2230 2590 2337 2668 τῷν

1299 2669 1524 2723 ὑδάτων.
1550 2660 1793 2733 ἱἈλλος,
1826 2660 1909 2735 τῷ
1934 2660 2218 2732 πίλῆσαντι
2238 2660 2335 2732 τὴν

1300 2741 1402 2809 γῆν
1435 2741 1563 2809 παρ’
1600 2737 1773 2791 ὕδασι.

1371 2831 1423 2883 7.
1455 2828 1610 2880 Φῶτα
1644 2827 1874 2897 μεγάλα.

1371 2919 1423 2973 8.
1452 2920 1546 2981 Εἰς
1572 2918 1819 2984 ἐξουσίαν
1846 2918 1946 2987 τῆς
1966 2914 2337 2987 ἡμέρας.Ἀλ-

1300 2993 1429 3055 λος,
1462 2990 1774 3059 ἐπικρατεῖν
1799 2987 1897 3056 τῆς
1933 2987 2165 3058 ἡμέρας.

1375 3083 1459 3136 15.
1491 3081 1585 3143 Εἰς
1609 3079 1915 3149 διαιρέσεις.
1956 3080 2197 3143 Ἀλλος,
2261 3076 2339 3139 εἰς

1300 3154 1581 3222 τμήματα.

1369 3242 1462 3297 25.
1502 3242 1558 3294 '0
1573 3240 1744 3301 διδοὺς
1768 3239 1969 3309 τροφὴν
1990 3238 2137 3307 πάσῃ
2158 3237 2338 3306 σαρκί.

1481 3403 1625 3458 LXX
1664 3399 2164 3457 INTERPRETES.

1377 3498 1430 3552 6.
1478 3496 1582 3562 Qui
1638 3496 1873 3550 ﬁrmavit
1924 3504 2123 3547 terram
2184 3506 2348 3560 super

1309 3584 1499 3636 aquas.
1547 3567 1720 3633 Alius,
1780 3564 2094 3633 compilanti
2146 3571 2347 3617 terram

1309 3643 1375 3694 ad
1404 3653 1594 3708 aquas.

1387 3730 1437 3783 7.
1472 3728 1786 3784 Luminaria
1816 3740 2033 3796 magna.

1382 3892 1435 3946 8.
1470 3891 1526 3944 In
1563 3897 1881 3960 potestatem
1907 3886 2032 3942 diei.
2062 3884 2245 3950 Alius,
2281 3884 2348 3939 ad

1311 3959 1701 4017 dominandum
1732 3959 1785 4013 in
1811 3959 1916 4012 die.

1373 4055 1472 4135 ⁸12⁷».
1508 4052 1563 4105 In
1608 4050 1922 4106 divisiones.
1963 4048 2137 4110 Alius,
2172 4047 2224 4103 in
2266 4060 2351 4100 se-

1314 4133 1543 4179 ctiones.

1385 4216 1476 4270 25.
1507 4215 1610 4281 Qui
1650 4214 1738 4269 dat
1772 4228 1952 4268 escam
1992 4209 2140 4265 omni
2179 4206 2350 4263 carni.

2717 2424 3112 2481 ΘΕΟΔΟΤΙΩΝ.

2476 2824 2531 2875 7.
2561 2819 2642 2873 Τὰ
2662 2821 2854 2888 ἄστρα.

2484 3076 2573 3129 15.

2483 3234 2578 3289 25.

2729 3391 3133 3451 'I‘HEODOTIO.

2492 3724 2541 3778 7.
2575 3723 2752 3778 Astra.

2490 3883 2545 3939 8.

2494 4045 2583 4098 15.

2493 4206 2584 4259 25.

995 4408 1170 4467 Noun
1198 4409 1262 4464 et
1292 4398 1482 4463 varim
1532 4397 1840 4459 lectiones
1877 4395 1956 4457 ad
2002 4393 2319 4456 Psalmum
2350 4393 2663 4455 CXXXV.

277 4540 346 4595 V.
376 4542 428 4597 8.
459 4542 711 4604 Ἄλλος,
747 4536 1059 4610 ἐπικρατεῖν
1082 4542 1185 4588 etc.
1224 4530 1391 4610 Idem.

280 4610 346 4667 V.
377 4610 459 4668 I5.
501 4612 601 4676 ‘A.,
637 4600 715 4672 ε’ἱξ
738 4600 1108 4678 ἀποτμήματα
1130 4611 1236 4659 etc.
1293 4600 1494 4669 Regius
1535 4610 1678 4651 unus
1717 4604 1771 4650 et

537 4948 937 5005 ΣΥΜΜΑΧΟΣ.

260 5118 339 5201 ’2.
380 5117 797 5188 Ἐκρεμάσαμεν
837 5112 935 5176 τὰς
973 5111 1142 5183 λύρας
1187 5109 1250 5179 ἡ·

208 5205 355 5262 νων.

284 5284 341 5337 5.

505 5444 875 5503 SYMMACIIU
886 5444 943 5499 S.

284 5544 345 5597 2.
378 5542 775 5614 Suspendimus
817 5543 961 5612 lyras
1014 5550 1249 5595 nostras.

291 5706 351 5760 5.

1454 4778 1594 4840 PSA
1606 4776 1813 4837 LMUS
1864 4771 2211 4835 CXXXVI.

1817 4942 1893 4992 0.

1390 5107 1446 5160 2.
1482 5103 1898 5175 Ἐκρεμάσαμεν
1930 5103 1998 5155 τὰ
2038 5102 2244 5171 ὄργανα
2306 5101 2365 5171 ἡ·

1325 5177 1460 5248 μῶν.

1397 5270 1449 5323 5.
1480 5270 1547 5344 01
1580 5264 2135 5344 ἀπαγαγόντεςῄμᾷς.
2170 5264 2355 5329 Ἀλλ,

1321 5343 1370 5394 οἱ
1394 5338 1940 5406 καταλαζονευόμενοι
1959 5337 2138 5405 ἡμῶν.

1496 5434 1637 5489 LXX
1675 5429 2173 5487 INTERPRETES.

1394 5532 1450 5588 2.
1488 5529 1884 5601 Suspendimus
1921 5542 2121 5596 organa
2155 5533 2362 5581 nostra.

1398 5696 1451 5749 5.
1486 5694 1588 5761 Qui
1632 5693 1973 5749 abduxerunt
2029 5706 2148 5745 nos.
2186 5689 2359 5753 Alius,

1330 5766 1420 5835 qui
1502 5775 1817 5835 arroganter
1882 5762 2110 5831 agebant
2177 5768 2361 5815 contra

1332 5852 1448 5892 nos.

1886 4523 2137 4578 Drusius.
2171 4523 2393 4586 ’Ἄλλος
2414 4561 2427 4581 ,
2470 4521 2548 4581 εἰς
2573 4520 2683 4588 τμή
2696 4534 2860 4587 ματα.
2890 4516 3330 4588 Chrysostomus.

1952 4592 2015 4647 ν.
2045 4594 2135 4648 25.
2178 4593 2283 4657 Ἀ.,
2315 4584 2623 4654 ὅς’δίδωσιιί
2654 4584 2760 4643 etc.
2804 4588 2897 4641 Sic
2927 4588 3035 4641 duo
3072 4584 3245 4655 Regii.

2753 4925 3146 5005 θΕοΔοΤιΩΝ.

2506 5098 2562 5150 2.

2504 5262 2558 5315 5.

2746 5416 3158 5479 THEODOTIO.

2506 5520 2557 5578 2.

2506 5686 2559 5741 5.
