3936 6544
156 402 266 458 965

477 613 877 671 ΣΥΜΜΑΧΟΣ.

130 778 286 859 ,4.

231 938 287 991 5.
312 937 417 991 Καὶ
446 935 839 1007 φοϐηθήσονταί
872 954 932 990 σε
966 936 1050 1007 eqs
1080 944 1202 989 οσον

1530 406 1847 465 PSALMUS
1879 407 2060 463 LXXI.

1466 523 1608 583 PSA
1621 523 1827 584 LMUS
1861 524 2086 585 LXXI.

1766 620 1844 672 0'.

1345 776 1412 849 1._
1433 778 1525 840 El;
1558 778 1826 849 Σολομῶν.
1876 780 1940 831 Οἱ
1961 779 2179 836 λοιποὶ.
2214 780 2304 833 Σο-

1274 840 1564 917 λομῶντος.

1344 937 1394 1010 5.
1422 937 1534 1010 Καὶ
1559 942 2005 1010 ῳσυμπαραμενεῖ
2047 938 2124 1009 τῷ
2153 939 2310 1010 ἡλίῳ,

152 1010 185 1080 δ
218 1007 369 1080 ἥλιος
394 1009 485 1060 καὶ
504 1006 809 1078 ἔμπροσθεν
834 1010 931 1079 τῆς
976 1006 1203 1076 σελήνης
1273 1007 1368 1061 καὶ
1396 1008 1499 1077 πρὸ
1524 1007 1622 1077 τῆς
1651 1006 1895 1080 σελήνης.

154 1078 409 1148 διαμένει

232 1170 287 1224 6.
316 1171 696 1242 Καταϐήσεται
741 1170 818 1233 ὡς
867 1170 1061 1242 δρόσος
1110 1174 1201 1225 ἐπὶ

155 1241 349 1295 πόκον.
372 1242 485 1296 Καὶ
531 1241 584 1295 οι
620 1242 819 1296 λοιποὶ
849 1241 1201 1310 ἑρμηνευτιὰ

154 1312 393 1379 ὁμοίως.

229 1498 284 1550 7.
317 1496 565 1567 ’Ᾱνθήσει
591 1499 649 1549 ὲν
687 1497 807 1559 ταῖς
833 1496 1068 1567 ἡμέραις
1102 1494 1199 1548 αὐ-

152 1567 252 1620 τοῦ
286 1568 509 1629 δίκαιος.

229 1658 375 1720 Ἕως
399 1656 749 1719 παλαιώσεως
777 1657 875 1726 τῆς
898 1657 1145 1729 σελήνης.

228 1755 282 1824 9_.
315 1753 658 1824 Ἐμπροσθεν
692 1752 854 1806 αυτοῦ
882 1751 1198 1807 ὀκλάσουσιν

152 1815 414 1886 Αἰθίοπες

233 1915 318 1971 10.
344 1915 588 1980 Βασιλεῖς
615 1914 764 1969 Σαϐὰ
793 1914 886 1968 καὶ
923 1913 1090 1968 Σαϐἀ.

147 2076 186 2140 ζ
229 2006 317 2061 1⁸2..
349 2009 469 2062 Ὅτι
497 2007 755 2073 ὲξελείται
798 2007 1004 2071 πένητα
1029 2003 1197 2075 οἰμώ-

188 2094 339 2133 οντα.

201 2169 315 2259 11.
353 2169 461 2254 [fat
497 2168 674 2256 τίμιον
735 2167 884 2249 ἔσται
937 2165 1001 2219 τὸ
1058 2160 1196 2238 αἷμα

147 2256 335 2293 αυτιυν
364 2256 590 2292 ενωπιον
616 2256 777 2293 αυτου
787 2280 799 2293 .

227 2330 317 2384 15.
353 2330 463 2383 Καὶ
493 2330 776 2399 δοθήσεται
801 2328 950 2400 αὐτῷ
974 2328 1081 2384 ἀπὸ
1104 2326 1196 2381 τοῦ

146 2400 381 2471 χρυσίου
412 2402 511 2471 τῆς
550 2400 713 2455 Σαϐά.

227 2561 646 2642 16..Διαπρέψει
677 2562 752 2624 ὡς
806 2560 1036 2625 Λίϐανος
1066 2578 1202 2632 καρ-

148 2631 254 2695 πὸς
282 2632 468 2685 αὑτοῦ.

228 2721 314 2775 17.
344 2721 534 2773 Ἔσται
572 2719 632 2772 τὸ
659 2720 828 2791 ὄνομα
851 2719 1035 2774 αὐτοῦ.

230 2811 314 2865 18.
365 2811 665 2882 Εὐλογητὸς
723 2810 925 2882 Κύριος
980 2813 1008 2864 ὁ
1066 2810 1197 2874 Θεὸς

158 2880 205 2933 Ἶ
214 2882 406 2954 σραήλ.

459 2973 901 3033 SYMMACHUS.

225 3238 280 3291 5.
320 3236 385 3292 Et
419 3236 686 3292 timebunt
723 3248 776 3290 te
821 3234 1081 3307 quamdiu
1115 3234 1197 3291 sol

150 3315 211 3362 et
237 3318 363 3363 ante
394 3308 577 3363 lunam
614 3316 817 3363 manet.

224 3541 279 3595 6.
298 3541 595 3597 Descendet
613 3550 672 3595 ut
696 3556 789 3595 ros
818 3556 980 3607 super
1006 3538 1195 3596 vellus.

152 3610 225 3664 Et
254 3612 441 3683 reliqui
482 3614 785 3682 interpretes
833 3612 1103 3666 similiter.

184 3797 278 3923 l7.
325 3796 565 3854 Florebit
594 3798 650 3852 in
696 3796 888 3851 diebus
941 3794 1059 3865 ejus
1109 3792 1172 3865 ju

208 3883 293 3923 us.
800 3896 807 3905 ο

148 3882 293 3925 81118.
800 3896 807 3905 ⁸

220 4101 410 4172 Usque
444 4102 512 4157 ad
551 4100 997 4157 inveterationem
1029 4098 1192 4152 lunae.

147 4262 276 4398 νεὶ).
297 4264 433 4318 Ante
451 4278 575 4318 eum
601 4262 956 4333 procumbent
980 4260 1197 4315 fElhiO-

221 4344 269 4383 s.

221 4344 269 4383 S.

220 4493 311 4547 10.
342 4493 518 4567 Reges
543 4496 683 4553 Saba
712 4507 767 4553 et
803 4496 966 4552 Saba.

221 4655 310 4710 12.
353 4653 489 4720 Quia
538 4669 693 4713 eruet
736 4672 1032 4731 pauperem
1072 4658 1193 4729 eju-

143 4726 373 4781 lantem.

218 4890 309 4943 11.
363 4888 431 4942 Et
478 4890 751 4958 pretiosus
807 4889 911 4947 erit
968 4889 1192 4961 sanguis

143 4973 276 5014 eoru
286 4975 336 5013 m
367 4974 553 5014 coram
586 4975 671 5015 80.

213 5194 308 5251 15.
339 5192 408 5248 Et
433 5194 653 5248 dabitur
685 5194 734 5249 ei
763 5194 993 5250 deauro
1021 5191 1187 5248 Saba.

210 5424 302 5478 16.
336 5424 576 5480 Decorus
604 5425 709 5480 erit
754 5426 894 5480 sicut
942 5424 1187 5480 Libanus

138 5494 352 5551 fructus
380 5496 520 5565 ejus.

216 5653 299 5706 l7.
332 5656 447 5707 Erit
471 5672 668 5712 nomen
699 5657 837 5727 ejus.

214 5745 301 5796 18.
347 5743 672 5800 Benedictus
722 5749 982 5807 Dominus
1038 5747 1182 5808 Deus

141 5809 322 5869 Israel.

1343 1168 1395 1223 6.
1446 1168 1826 1239 Καταϐήσεται
1883 1167 1960 1233 ὡς
2020 1170 2173 1234 ὑετὸς
2220 1171 2313 1223 ἐπὶ

1271 1240 1457 1295 πόκον.

1339 1400 1621 1469 Σταγόνες.
1656 1404 1718 1455 Οἱ
1750 1402 1971 1464 λοιποὶ,
2003 1402 2254 1471 ψεκάδες.

1437 1493 1705 1566 Ἀνατελεῖ
1732 1495 1928 1566 ἐνταίς
1948 1496 2177 1566 ἡμέραις
2215 1496 2309 1549 αὑ-

1268 1563 1362 1617 τοῦ
1382 1563 1691 1634 δικαιοσύνη
1721 1565 1814 1618 καὶ
1836 1563 2038 1634 πλῆθος
2063 1563 2306 1637 εἰρήνης.

1342 1654 1485 1716 Ἕως
1516 1645 1577 1706 οὗ
1614 1654 1971 1725 ἁνταναιρεθῇ
1999 1656 2031 1724 ἠ
2063 1656 2282 1726 σελήνη.

1340 1750 1391 1804 9.
1441 1747 1698 1822 Ἑνὼπιον
1750 1750 1913 1803 αὐτοῦ
1983 1752 2310 1822 προπεσοῦν-

1266 1838 1356 1874 ται
1390 1820 1662 1883 Αἰθίοπες.

1342 1913 1428 1967 10.
1466 1912 1712 1975 Βασιλεῖς
1745 1912 1987 1984 Ἀράϐων
2014 1914 2107 1967 καὶ
2138 1915 2304 1967 Σαϐά.

1342 2002 1428 2058 12.
1469 2006 1588 2057 ’Ότι
1610 2005 1875 2077 ἐρρύσατο
1897 2006 2108 2075 πτωχὸν
2139 2008 2202 2060 ὲκ
2230 2006 2310 2060 δυ-

1271 2075 1484 2129 νάστου.

1340 2167 1427 2239 14.
1460 2167 1569 2221 Καὶ
1603 2167 1819 2239 ἔντιμον
1844 2167 1906 2220 τὸ
1933 2165 2098 2237 ὄνομα
2131 2169 2309 2223 αὐτῶν

1269 2236 1497 2291 ἐνώπιον
1522 2239 1706 2294 αὐτοῦ.

1342 2325 1430 2397 15.
1456 2326 1565 2397 Καὶ
1609 2326 1888 2397 δοθήσεται
1924 2325 2068 2396 αὐτῷ
2116 2327 2179 2380 ὲκ
2216 2327 2307 2380 τοῦ

1271 2396 1492 2467 χρυσίου
1520 2396 1616 2466 τῆς
1644 2396 1919 2467 Ἀραϐίας.

1344 2558 1429 2630 16.
1496 2558 1963 2630 ’Υπεραρθήσεται
2038 2558 2173 2630 ὑπὲρ
2218 2560 2308 2613 τὸν

1270 2629 1497 2683 Λίϐανον
1524 2632 1552 2682 ὁ
1589 2629 1804 2701 καρπὸς
1825 2630 2008 2685 αὐτοῦ.

1342 2719 1429 2772 17.
1464 2719 1641 2771 Ἔστω
1669 2718 1728 2771 τὸ
1759 2718 1926 2790 ὄνομα
1960 2720 2148 2774 αὐτοῦ.

1341 2808 1441 2881 18.
1458 2878 1468 2881 μ
1488 2808 1791 2881 Etiam-ab;
1811 2880 1817 2881 ί
1839 2809 2041 2881 Κύριος
2093 2814 2122 2865 ὁ
2178 2792 2327 2875 Θεὸς

1268 2878 1503 2949 Ἰσραήλ.
1536 2878 1610 2940 E’,
1642 2882 1730 2946 ς’,
1764 2880 1838 2933 id.

1438 2971 1582 3025 LXX
1616 2970 2125 3027 INTERPRETES.

1346 3070 1398 3124 1.
1434 3069 1490 3124 In
1520 3069 1889 3126 Solomonem.
1932 3069 2161 3140 Reliqui,
2216 3068 2317 3125 So-

1273 3140 1529 3195 lomonis.

1344 3235 1397 3288 5.
1438 3232 1505 3287 Et
1548 3234 1888 3303 permanebit
1933 3249 2057 3289 cum
2105 3234 2219 3291 sole
2262 3245 2318 3290 ct

1274 3316 1402 3360 ante
1428 3305 1634 3359 lunam.

1343 3540 1395 3595 6.
1447 3538 1749 3595 Descendet
1801 3537 1946 3593 sicut
2018 3537 2201 3608 pluvia
2260 3537 2315 3592 in

1274 3613 1467 3666 vellus.

1345 3702 1652 3758 Stillicidia.
1680 3701 1913 3773 Reliqui,
1955 3702 2134 3757 stillae.

1341 3796 1393 3849 7.
1428 3795 1644 3849 Orietnr
1683 3796 1735 3849 in
1780 3795 1970 3849 diebus
1998 3795 2118 3865 ejus
2154 3794 2289 3867 justi

1274 3866 1347 3920 tia
1377 3875 1431 3920 et
1457 3866 1785 3921 abundantia
1814 3867 1986 3935 pacis.

1340 4098 1520 4154 Donec
1549 4097 1826 4153 auferatur
1854 4097 2004 4153 luna.

1340 4261 1394 4317 9.
1427 4260 1625 4318 Coram
1648 4261 1757 4318 illo
1784 4262 2067 4332 procident
2090 4258 2302 4315 Ethio-

1265 4348 1381 4404 pes.

1248 4544 1251 4545 ν
1337 4493 1424 4548 10.
1465 4492 1638 4563 Reges
1670 4493 1912 4549 Arabum
1940 4503 1993 4549 et
2022 4491 2185 4548 Saba.

1337 4657 1423 4711 12.
1461 4656 1599 4724 Quia
1642 4658 1894 4713 liberavit
1932 4672 2223 4728 pauperem
2277 4672 2310 4711 a

1263 4737 1501 4797 potente.

1331 4890 1416 4945 14.
1449 4891 1513 4943 Et
1546 4890 1862 4946 honorabile
1892 4905 2092 4947 nomen
2115 4904 2306 4947 eorum

1264 4975 1449 5015 coram
1476 4962 1592 5016 illo.

1263 5261 1315 5317 ι).
1339 5193 1427 5247 15.
1456 5192 1523 5248 Ει
1552 5192 1771 5248 dabitur
1795 5193 1844 5249 ei
1875 5194 1942 5250 de
1988 5208 2125 5250 auro
2172 5193 2309 5250 Ara-

1303 5280 1385 5317 ne.

1303 5280 1385 5319 NB.

1336 5424 1421 5478 16.
1442 5423 1923 5497 ASnperextolletur
1954 5440 2117 5497 super
2145 5424 2308 5480 Liba-

1260 5510 1391 5549 num
1434 5494 1645 5550 i‘ructus
1672 5496 1811 5565 ejus.

1331 5657 1416 5712 17.
1448 5655 1530 5711 Sit
1558 5673 1751 5713 nomen
1785 5658 1926 5727 ejus.

1330 5750 1419 5804 18.
1474 5750 1802 5806 Benedictus
1840 5751 2107 5808 Dominus
2162 5751 2305 5810 Deus

1258 5817 1443 5877 Israel.
1476 5819 1545 5887 Υ,
1583 5820 1672 5889 Vl,
1705 5822 1779 5876 id.

2704 616 3100 673 ΘΕΟΔΟἸΊΩΝ.

2453 1497 2509 1550 7.

2453 1746 2505 1801 9.

2456 1907 2543 1962 10.

2459 1999 2546 2052 1‘2.

2452 2158 2540 2214 14.

2452 2321 2540 2393 15.
2568 2319 2977 2393 Καὶᾲδοθήσεται
3008 2321 3156 2393 αὐτῷ
3195 2320 3300 2376 ἀπὸ
3327 2318 3421 2374 τοῦ

2381 2392 2603 2462 χρυσίου
2640 2391 2738 2461 τῆς
2768 2392 2936 2445 Σαϐὰ.

2460 2555 2547 2610 16.

2451 2717 2537 2770 17.
2583 2718 2762 2771 Ἔστω
2793 2717 2854 2771 τὸ
2884 2717 3053 2789 ϐνομα
3091 2719 3274 2774 αὐτοῦ.

2450 2810 2537 2866 18.
2580 2810 2899 2881 Εὐλογητὸς
2948 2810 3144 2881 Κύριος
3204 2814 3234 2866 ὁ
3294 2798 3426 2875 Θεὸς

2392 2880 2628 2952 Ἰσραήλ.

2700 2962 3115 3031 ΤΗΕΟΠΟΤΙΟ.

2462 3074 2513 3125 1.

2462 3235 2513 3291 5.

2460 3535 2514 3591 6.

2463 3793 2516 3848 7.

2366 4538 2369 4541 λ
2452 4483 2541 4539 10.

2454 4644 2542 4699 12.

2453 4880 2542 4935 1-1.

2457 5185 2541 5239 15.
2573 5184 2640 5240 Et
2678 5183 2898 5240 dabitur
2926 5183 2975 5238 ei
3005 5183 3071 5238 de
3096 5197 3230 5238 auro
3254 5184 3418 5239 Saba.

2458 5428 2540 5482 16.

2453 5659 2542 5713 17.
2576 5658 2660 5713 Sit
2689 5674 2884 5715 nomen
2911 5659 3052 5731 ejus.

2452 5750 2548 5876 18.l
2595 5750 2922 5808 Benedictus
2983 5749 3243 5807 Dominus
3279 5746 3425 5803 Deus

2452 5838 2526 5876 'ae
2556 5861 2571 5876 .

2382 5836 2571 5877 .sraet.
