3936 6522
128 378 269 437 1005

443 487 845 543 ΣΥΜΜΔΧΟΣ.

195 646 283 702 ﬂ.
312 646 463 712 Θεὸς.
496 648 554 701 ὲν
579 646 888 719 ἁγιασμῷή
913 647 1029 713 ὁδός
1052 665 1164 702 σου.
1244 731 1276 768 σ

1276 733 1360 770 ου.

196 807 285 862 15.
330 808 581 881 Γνωστὴν
631 808 893 881 ἐποίησας
952 811 1011 864 ὲν
1058 812 1171 874 τοῖς

120 878 303 931 ἔθνεσι
328 878 426 949 τὴν
453 878 604 949 ἰσχύν
636 896 751 934 σου.

195 968 286 1022 18.
318 964 489 1041 Ἧχον
514 969 712 1023 ἔδωκεν
741 969 926 1041 αἰθήρ.

194 1064 296 1147 19.-
325 1061 496 1137 Ἦχος
559 1066 787 1138 βροντῆς
824 1083 919 1120 σου
976 1068 1034 1121 ὲν
1085 1067 1165 1139 τῷ

118 1151 326 1207 τροχφο

1240 877 1472 950 δύναμίν
1500 895 1614 931 σου.

1235 1155 1334 1209 xw-

1473 370 1796 427 PSALMUS
1829 368 2095 425 LXXVII.

1729 485 1805 536 0'.

3274 370 3413 428 1006

2673 486 3071 545 ΘΕΟΔΟΤΙΩΝ.

1315 646 1403 700 14.
1441 645 1498 698 '0
1527 644 1679 709 Θεὸς.
1714 646 1772 697 ἐν
1806 644 1882 715 τῷ
1928 644 2067 715 ἁγίῳ
2108 644 2142 714 η
2174 644 2289 708 ὁδός
2440 647 2527 702 14.

1314 808 1400 862 15.
1430 806 1766 878 Ἐγνὼρισας
1795 807 1853 859 ὲν
1882 807 1992 869 τοῖς
2018 805 2166 870 λαοῖς
2188 804 2285 875 τὴν
2433 809 2521 864 15.

1316 974 1398 1028 18.
1428 972 1612 1043 Φωνὴν
1638 970 1841 1025 ἔδωκαν
1872 972 1928 1023 αἱ
1952 970 2188 1040 νεφέλαι.
2434 971 2522 1027 18.

1279 1067 1397 1149 η19.
1425 1065 1581 1137 Φωνὴ
1601 1066 1831 1136 βροντῆς
1852 1082 1945 1118 σου
1980 1067 2037 1119 ὲν
2068 1064 2145 1135 τῷ
2166 1082 2285 1135 τρο-

2430 1064 2522 1145 19.
2550 1064 2705 1136 Φωνὴ
2770 1066 3003 1138 βροντῆς
3073 1084 3167 1120 σου
3227 1070 3284 1121 ἐν
3324 1069 3403 1141 τῷ

2357 1151 2551 1206 τροχῳ·

1310 1228 1421 1283 Καὶ
1440 1228 1698 1299 ἔντρομος
1716 1226 1967 1299 ἐγενήθη.
1984 1230 2047 1280 οἱ
2058 1226 2280 1292 λοιποὶ.

1242 1300 1336 1354 καὶ
1359 1299 1603 1370 ἐσείσθη.

428 1420 805 1478 SYMMACHU
816 1421 873 1478 S.

115 1618 177 1663 ω
199 1536 291 1591 11.
326 1532 493 1601 Deus,
514 1536 568 1590 in
605 1536 1037 1594 sanctificatione
1077 1537 1166 1593 via

183 1625 237 1663 a.

183 1625 237 1663 3.

194 1699 283 1752 15.
320 1696 515 1752 Notam
567 1697 742 1753 fecisti
800 1697 858 1753 in
914 1700 1166 1770 gentibus

113 1768 499 1824 fortitudinem
529 1776 701 1824 tuam.
924 1768 941 1770 ⁷
1237 1768 1493 1825 virtutem
1520 1777 1689 1825 tuam.

193 1931 285 1985 18.
320 1930 519 1986 Vocem
540 1930 689 1987 dedit
707 1932 899 1987 aather.

190 2094 284 2151 19.
320 2094 553 2154 Sonitus
581 2097 808 2154 tonitrui
836 2098 914 2153 tui
938 2098 993 2153 in
1026 2106 1167 2155 rota.

1407 1419 1550 1476 LXX
1588 1418 2087 1475 INTERPRETES.

1308 1536 1396 1593 ﬂ.
1434 1537 1601 1602 Deus,
1634 1537 1689 1591 in
1720 1544 1910 1591 sancto
1942 1535 2030 1608 via
2052 1544 2166 1589 tua.
2430 1532 2499 1587 ﬂ

1314 2098 1402 2156 19.
1435 2095 1555 2152 Vox
1582 2097 1806 2153 tonitrui
1841 2096 1921 2151 tui
1958 2096 2177 2150 intota.

2655 1417 3072 1476 THEODOTIO.

1312 1698 1397 1753 15.
1447 1696 1644 1751 Notam
1718 1696 1896 1752 fecisti
1949 1695 2008 1750 in
2067 1694 2286 1766 populis
2427 1698 2516 1754 15.

1314 1934 1401 1990 18.
1438 1931 1640 1988 Vocem
1675 1932 1945 1988 dederunt
1983 1930 2179 1986 nubes.
2432 1931 2523 1988 18.

2436 2094 2523 2149 19.
2561 2091 2930 2165 Voxtonitrui
2954 2093 3033 2148 tui
3057 2094 3113 2149 in
3137 2102 3276 2149 rota.

1311 2331 1378 2387 Et
1408 2329 1757 2388 contremuit.
1790 2326 2023 2398 Reliqui.
2069 2336 2126 2382 et
2152 2340 2289 2381 con-

1242 2418 1402 2459 cussa
1439 2411 1543 2458 est.

976 2566 1154 2627 Nota
1179 2569 1241 2627 et
1268 2562 1459 2626 varia;
1488 2560 1797 2623 lectiones
1827 2560 1901 2621 ad
1932 2557 2255 2621 Psalmum
2293 2556 2576 2619 LXXVI.

110 2728 362 2785 varietas
393 2728 607 2795 oritur;
658 2728 918 2785 nimirum
956 2728 1051 2782 τοῦ
1089 2726 1157 2799 Ε
1221 2728 1275 2782 in
1326 2727 1402 2792 C,
1446 2741 1569 2799 qua:
1615 2725 1706 2781 lit-

112 2829 254 2874 tera.
288 2817 345 2871 in
385 2832 517 2873 mss.
547 2817 747 2873 unciali
779 2816 1095 2873 charactere
1129 2816 1347 2886 scriptis
1381 2816 1461 2869 sic
1493 2828 1706 2886 semper

115 2890 413 2945 descriptae
434 2898 610 2943 erant.
646 2888 1035 2944 Theodotionis
1065 2882 1348 2942 lectionem
1382 2886 1541 2938 habet
1566 2882 1707 2937 Dru-

114 2961 260 3014 sius.
312 2953 423 3013 Nec
476 2958 996 3028 praetermittendum
1046 2968 1165 3019 est.
1201 2956 1588 3028 Hieronymum
1636 2953 1705 3007 ad

115 3030 356 3085 Suniam
403 3024 596 3098 legisse
640 3028 708 3083 ad
760 3026 1185 3097 Symmachum,
1238 3024 1551 3097 ἀνηρεύνων
1579 3038 1705 3098 ,_ex_

112 3116 234 3170 qua
290 3114 426 3170 voce
457 3092 735 3170 'librarius
793 3092 887 3170 Qui
950 3092 1248 3170 Eusebium
1304 3092 1371 3170 ei
1421 3092 1706 3149 vetustiori

112 3166 423 3241 exemplari
454 3169 763 3238 exscripsit,
794 3166 933 3239 ἀνὴρ
965 3166 1140 3222 συνών
1170 3166 1365 3223 effecit.

194 3260 262 3315 V.
291 3262 346 3317 9.
386 3260 470 3323 Σ..
501 3259 809 3330 συνετέλεσε
836 3266 940 3315 etc.
980 3257 1235 3330 SicﬁReg.
1267 3275 1409 3315 unus
1434 3274 1501 3315 ex
1529 3257 1709 3315 Theo-

111 3333 281 3397 doro,
320 3332 556 3400 itemque
590 3329 965 3386 Theodoretus
991 3339 1047 3384 et
1072 3329 1323 3386 Drusius.

193 3400 259 3453 V.
300 3401 387 3454 10.
417 3398 667 3465 Cbislin.,
710 3401 790 3455 Ἄ.
832 3400 989 3471 μόνος
1057 3400 1151 3454 καὶ
1190 3402 1239 3453 οἱ
1272 3402 1348 3469 0',
1385 3399 1494 3471 μὴ.
1538 3398 1634 3453 καὶ
1664 3399 1713 3451 οἱ

111 3472 305 3527 λοιποὶ
334 3471 554 3536 πάντες.
581 3474 636 3525 εὶ
668 3470 1038 3536 ἐπιλήσεται.

190 3540 262 3596 ν.
300 3542 389 3598 11.
437 3542 543 3608 Ἀ..
576 3542 672 3595 καὶ
703 3536 841 3595 εἶπα
872 3550 978 3598 etc.
1025 3539 1271 3611 Aquila,
1315 3539 1630 3611 Symmachi
1660 3550 1715 3595 et

444 3846 849 3903 ΣΥΜΜΔΧΟΣ.

179 4017 246 4071 9..
1311 4012 1365 4067 2.
1398 4014 1488 4067 Ἐν
1517 4011 1821 4084 παραϐολῇ.
1876 4012 2107 4079 Ἄλλως
2132 4053 2146 4078 ,
2226 4014 2285 4067 ὲν

1242 4084 1596 4156 παραϐολαῖς.

190 4176 511 4232 ’Δναϐλύσω
532 4176 740 4249 προὸλή
748 4192 895 4248 ματα
922 4176 1143 4247 ἀρχαῖα.

189 4340 254 4396 5.
291 4340 404 4393 Kal.
431 4338 625 4409 ἔστησε
669 4337 1063 4409 διαμαρτυρίαν
1090 4337 1169 4409 τῷ
1241 4267 1363 4394 mg:

120 4409 355 4467 Ἰακώϐ.

153 4502 253 4585 ..6.
284 4500 398 4555 Καὶ
419 4499 768 4571 διηγήσονται
796 4500 909 4563 τοῖς
932 4499 1066 4561 υἱοῖς
1080 4499 1172 4551 αὐ-

105 4589 258 4627 των.

1243 4410 1459 4465 Ἰακώϐ.

1244 4572 1378 4635 υἱοῖς
1408 4572 1607 4627 αὐτῶν.

1810 2701 2023 2768 Quintae
2067 2700 2325 2755 lectiones
2358 2699 2439 2755 sic
2477 2696 2640 2753 habet
2666 2696 2971 2766 Eusebius;
3013 2698 3399 2763 Theodotionis

1812 2772 2015 2825 Regius
2048 2787 2210 2825 unus.

1862 2786 2015 2826 82108
2048 2787 2210 2825 unus.

1933 2884 1946 2896 .
1982 2842 2048 2911 12
2083 2851 2135 2894 et
2168 2842 2255 2895 i3.
2313 2839 2917 2911 E.,_&veptuvnax6p~qv
2949 2851 3053 2897 etc.
3106 2842 3196 2897 Sic
3225 2845 3397 2901 Euse-

1811 2911 1956 2975 bius,
1990 2910 2285 2986 Begii_duo
2312 2919 2367 2963 et
2410 2909 2661 2986 Drusiu_s,
2694 2909 2980 2986 qui_‘habet
3014 2914 3267 2986 προνοξας
3297 2932 3398 2986 pro

1812 2979 2112 3050 περινοίας.
2147 2979 2350 3050 Regius
2390 2996 2553 3042 unus,
2591 2979 2845 3033 ἀναπλῶν
2873 2997 2972 3050 pro
3006 2979 3310 3039 ἀναπολῶνξ

1928 2999 2112 3044 ινοεας.
2148 2999 2350 3050 neglus
2390 2999 2553 3042 unus,
2591 2999 2845 3033 αναπΑων
2873 2999 2972 3050 pro
3006 2999 3310 3039 αναπολων.

1884 2999 1949 3105 θ.
1984 3050 2071 3106 14.
2110 3051 2212 3116 Ἀ..
2245 3050 2452 3120 ὁΑΘεὸς.
2496 3052 2553 3101 ὲν
2584 3050 2899 3120 ἡγιασμένῳ
2927 3062 3029 3107 etc.
3066 3055 3154 3108 Sic
3178 3071 3313 3111 mss.
3343 3066 3400 3111 et

1811 3120 2227 3196 Theodoretus._
2275 3118 2614 3196 Euthymius‘
2645 3118 2810 3175 vero:
2870 3118 3232 3193 Symmachus
3296 3143 3396 3196 pro

1809 3204 1995 3247 sancto
2026 3191 2178 3257 dicit,
2209 3191 2267 3243 in
2298 3192 2603 3244 sanctitate.

1888 3261 1946 3314 V.
1982 3262 2067 3316 15.
2099 3262 2183 3325 Σ..
2209 3262 2476 3331 ῌγνωστὴν
2515 3272 2622 3315 etc.
2652 3258 2920 3318 Eusebius
2946 3271 2999 3319 et
3024 3263 3389 3322 Colbertinus.

1884 3331 1950 3385 ν.
1980 3333 2068 3386 18.
2094 3333 2175 3392 Σ..
2205 3326 2340 3402 ἦχον
2369 3326 2474 3385 etc.
2504 3331 2851 3389 Colbertinus
2879 3350 3042 3401 unus,
3082 3335 3394 3393 Theodore-

1810 3410 1901 3457 tus
1927 3412 1981 3457 et
2010 3402 2259 3456 Drusius.

1886 3471 1951 3525 ν.
1984 3473 2085 3543 ⁸19.
2142 3474 2247 3535 Ἀ..
2278 3472 2353 3543 0',
2382 3468 2469 3533 Θ..
2493 3471 2651 3543 φωνὴ
2676 3482 2780 3530 etc.
2820 3474 3110 3533 Eusebius.

1886 3541 2022 3597 Ibid.
2058 3545 2123 3596 Οἱ
2154 3540 2353 3596 λοιποὶ
2373 3581 2387 3606 .
2422 3541 2515 3595 καὶ
2544 3540 2781 3617 ἐσεῖσθη.
2809 3546 3079 3603 Eusebius
3105 3556 3160 3605 et
3187 3564 3324 3606 mss.

1387 3722 1753 3783 PSALMUS
1812 3725 2132 3786 LXXVII.

2682 3852 3085 3911 ΘΕΟΔΟΤῙΩΝ.

2425 4012 2481 4069 2.
2525 4014 2613 4069 Ἐν
2640 4016 2940 4089 παραϐολῇ.

1276 4179 1614 4260 ,Φθὲγξομαι
1646 4176 2005 4251 προϐλήματα
2051 4178 2145 4231 ἀπ’
2183 4180 2283 4249 ἀρ-

1311 4340 1506 4411 5.7Kal.
1559 4340 1821 4411 ἀνέστησε
1881 4338 2174 4411 μαρτύριον
2228 4341 2286 4394 ἐν
2428 4336 2481 4393 5.

1313 4500 1366 4554 6.
1400 4501 1509 4555 Καὶ
1554 4502 1953 4572 ἀπαγγελοῦσιν
2000 4501 2139 4556 αὐτὰ
2175 4503 2288 4565 τοῖς
2429 4499 2482 4555 6.

192 4667 256 4721 8.
282 4665 451 4720 Γενεὰ
488 4666 719 4737 ἁπειθης
778 4664 873 4718 καὶ
894 4664 1171 4735 ’προσερί-
1312 4666 1368 4721 8.
1408 4666 1577 4720 Γενεὰ
1597 4666 1786 4721 σκολιὰ
1808 4668 1902 4720 καὶ
1918 4662 2288 4738 παραπικραι-
2430 4660 2487 4715 8.

110 4739 317 4804 ζουσα.
1244 4752 1431 4790 νουσα.

432 4852 874 4911 SYMMACHUS.
1404 4853 1549 4911 LXX
1594 4853 2100 4912 INTERPRETES.
2669 4854 3079 4915 THEODOTIO.

193 4973 258 5028 2.
1312 4976 1367 5031 2.
1399 4975 1458 5031 In
1491 4976 1770 5047 parabola.
1806 4974 1997 5043 Aliter,
2036 4974 2092 5030 in
2120 4988 2283 5046 para-
2425 4972 2479 5027 2.
2505 4971 2562 5028 In
2595 4975 2873 5045 parabola.

1244 5047 1400 5102 bolis.

199 5133 487 5217 Scaturire
538 5133 733 5189 faciam
772 5133 1168 5205 propositiones

107 5216 401 5274 antiquas.

192 5299 254 5353 5.
289 5294 357 5349 Et
394 5298 586 5351 statuit
614 5296 1046 5354 testificationem
1079 5295 1169 5351 Ja-

106 5370 249 5427 cob.
1236 5366 1421 5423 Jacoh.

190 5531 251 5586 6.
280 5530 349 5586 Et
376 5530 675 5587 narrabunt
702 5529 827 5588 filiis
854 5532 990 5588 suis.

190 5670 250 5771 ξ.
287 5691 578 5753 Gcneratlo
617 5692 981 5767 inobsequens
1006 5701 1071 5771 et
1096 5694 1165 5751 li-

102 5762 342 5834 tigiosa.
823 5762 842 5767 “
1068 5768 1071 5771 ’
1238 5776 1385 5819 rans.
1414 5789 1433 5839 ,ο

1313 5134 1530 5208 Loquar
1552 5137 1954 5209 propositiones
1990 5137 2059 5193 ab
2103 5136 2280 5191 initio.

1312 5299 1365 5353 5.
1402 5297 1469 5354 Et
1496 5300 1779 5356 suscitavit
1813 5299 2183 5357 testimonium
2226 5300 2281 5352 in
2429 5297 2482 5353 5.

1311 5530 1362 5584 6.
1388 5528 1454 5583 Et
1480 5529 1881 5587 annuntiahunt
1903 5546 1967 5587 ea
1987 5530 2113 5586 filiis
2141 5532 2279 5589 suis.
2424 5532 2479 5588 6.

1310 5690 1363 5745 8.
1407 5690 1699 5752 Generatio
1752 5710 1920 5767 prava
1952 5703 2007 5753 et
2053 5710 2282 5768 exaspc-
2422 5696 2477 5753 8.
