3936 6526
506 457 638 516 1047

777 583 864 636 ΤΟ
893 579 1256 635 EBPAIKON.

1131 750 1309 805 union
1321 754 1357 770 ··
1370 725 1466 802 5m

506 886 646 990 Τιῆ
693 908 834 960 nam
881 905 1012 982 Tim
1064 884 1207 964 νεώ
1253 903 1464 990 parnt}

1367 981 1536 1038 ἹἺὩῊΒ

609 1135 860 1194 VERSIO
893 1138 1215 1196 HEBRAICI
1249 1140 1454 1198 TEXT.

575 1229 642 1286 Et
675 1231 742 1287 ad
771 1243 988 1289 sanctos
1011 1249 1158 1290 suos.
1184 1234 1428 1302 Hierom,
1460 1236 1536 1290 id.

575 1393 918 1467 {Ldustitia
961 1395 1028 1450 ad
1069 1394 1235 1467 facies
1263 1396 1382 1467 ejus
1414 1411 1534 1452 am-

1541 451 2011 510 HEXAPLORUM
2039 453 2206 520 QUAE
2242 453 2675 515 SUPERSUNT.

1887 578 1974 630 ΤΟ
2010 579 2356 633 EBPAIKON

1791 647 2119 720 Ἑλληνικοῖς
2151 649 2462 721 γράμμασι.

1679 903 1765 958 14.

1815 1139 2147 1198 VULGATA
2183 1140 2456 1196 LATINA.

1681 1235 1746 1290 Et
1766 1251 1928 1306 super
1958 1245 2176 1291 sanctos
2198 1234 2364 1292 suos.‘

1680 1395 1766 1449 14.
1807 1393 2024 1450 Justitia
2060 1405 2186 1450 ante
2235 1409 2357 1449 eum
2396 1393 2645 1449 ambula-

505 1464 831 1537 bulabitg'et
879 1475 1041 1535 ponet
1085 1466 1142 1537 in
1191 1464 1540 1537 via'gressus
1607 1465 1709 1534 bit,
1757 1474 1812 1520 et
1837 1475 1999 1537 ponet
2028 1466 2084 1519 in
2107 1467 2191 1520 via
2221 1480 2441 1536 gressus
2467 1480 2617 1520 suos.

507 1550 660 1590 suos.
692 1535 930 1601 Hierom,
959 1536 1171 1606 justitia
1231 1535 1356 1592 ante
1411 1553 1537 1592 eum

506 1606 636 1660 ibit:
666 1615 720 1661 et
743 1618 908 1677 ponet
933 1608 988 1661 in
1019 1607 1105 1660 via
1135 1621 1356 1678 gressus
1383 1622 1536 1663 suos.

3606 447 3733 507 1048

3088 575 3388 632 ᾹΚΥᾹΑΣ.

2771 905 2876 959 -’14.

3093 1136 3368 1206 AQUILA.

2787 1395 2873 1452 14.

1289 1698 1463 1759 Noun
1492 1706 1553 1760 et
1576 1698 1764 1761 varice
1796 1697 2100 1760 lectiones
2145 1696 2218 1759 ad
2252 1696 2574 1760 Psalmum
2607 1699 2956 1762 LXXXIV.

575 1797 659 1872 V._
699 1799 751 1854 9.
803 1800 907 1863 ’A.,
951 1797 1251 1870 ἀκούσομαι
1298 1809 1400 1855 etc.
1441 1799 1552 1856 Has
1602 1801 1859 1857 lectiones
1895 1799 2070 1856 adfert

2258 1817 2342 1856 us.
2384 1801 2481 1858 Est
2511 1800 2649 1857 forte
2693 1801 2920 1872 Aquila},
2972 1799 3066 1870 qui
3115 1798 3188 1853 ita
3231 1797 3392 1856 vertit
3427 1796 3626 1868 psalm.
3659 1814 3747 1864 ιι,

505 1867 752 1924 Drusius.

576 1939 710 1994 lbid.
741 1939 984 2006 Ἄλλος,
1013 1939 1108 1994 καὶ
1137 1939 1230 1995 ἐπὶ
1253 1940 1379 2006 τοὺς
1406 1941 1600 2011 ἁγνοὺς
1629 1942 1815 1999 αὑτοῦ.
1841 1941 2070 1998 Coislin.

799 2225 888 2279 ΤΟ
912 2223 1280 2277 ΕΒΡΑΙΚΟΝ.

1094 2368 1461 2448 πτὸηὸῃηί

1141 2487 1231 2537 ἐκ
1265 2488 1399 2538 πνοι-ι
1434 2478 1470 2530 2

673 2635 923 2701 ann-5:
958 2649 1118 2727 mpii
1154 2624 1404 2723 Τὴν-’νο
1437 2641 1473 2696 3

1261 2789 1396 2864 11501
1436 2802 1470 2856 5

919 2903 1074 2959 imm
1111 2903 1165 2953 ν)
1197 2905 1398 2977 ἐκ-πρε
1435 2895 1466 2947 7

507 3036 654 3117 πεπρ(
723 3063 870 3140 Ῥ-ιτ
945 3069 961 3110 ι
1031 3063 1150 3114 mm
1203 3062 1411 3206 unm-1m
1403 3054 1540 3185 is”:

828 3296 970 3369 πω
1004 3270 1179 3346 ris-ub
1213 3267 1342 3344 ω’)
1373 3294 1469 3345 ’δην

1231 3458 1360 3509 εντα
1400 3449 1466 3502 14

735 3619 872 3672 me:
906 3619 1058 3694 nep:
1093 3619 1302 3674 eumn
1336 3620 1469 3675 nm

874 3762 1054 3857 ταώ
1087 3788 1361 3861 τεν-ωτι
1401 3778 1468 3833 16

609 3941 860 4000 VERSIO
894 3941 1211 3999 HEBRAICI
1245 3941 1447 4000 ΤΕΧΤ.

577 4044 630 4098 1.
665 4040 852 4096 Oratio
901 4040 1002 4110 ipsi
1050 4039 1239 4096 David.
1293 4040 1536 4106 Πίθωνι,

506 4113 686 4168 oratio
722 4110 908 4164 David.

575 4199 629 4254 2.
659 4199 894 4253 Sanctus
925 4213 1068 4253 sum.
1111 4198 1326 4254 Hieron.
1353 4199 1430 4252 id.

575 4291 628 4344 5.
653 4289 915 4355 Quoniam
941 4289 1008 4344 ad
1034 4297 1084 4344 te
1115 4290 1361 4345 clamabo
1388 4289 1538 4344 omni

505 4361 612 4414 die.
657 4358 895 4431 Hieron_.,
942 4361 1200 4431 quoniam
1241 4361 1309 4415 ad
1337 4370 1389 4415 te
1424 4361 1539 4415 cla-

505 4431 666 4484 mabo
693 4439 803 4484 tota
832 4429 934 4484 die.

577 4519 628 4573 5.
666 4517 731 4590 Et
762 4533 1012 4587 parcens.
1047 4517 1288 4586 Πίθωνι,
1328 4529 1383 4576 et
1413 4535 1538 4590 pro-

506 4589 786 4660 pitiabilis.

575 4679 628 4733 7.
659 4677 953 4749 Mlnvocabo
1009 4688 1062 4734 te
1099 4679 1227 4749 quia
1280 4679 1538 4736 exaudies

504 4765 614 4806 me.
647 4747 888 4814 Hierom,
920 4749 996 4804 id.

577 4843 664 4899 11.
715 4840 858 4899 Doce
911 4857 1034 4908 me,
1078 4841 1336 4910 Domine,
1394 4844 1532 4900 viam

507 4923 654 4969 tuam
700 4931 713 4968 :
763 4913 1051 4968 ambulabo
1081 4914 1133 4967 in
1173 4915 1392 4968 veritate
1421 4929 1532 4969 tua.

507 4983 750 5047 Hierom,
779 4984 912 5040 doce
947 5000 1052 5050 me,
1105 4983 1352 5048 Domine,
1393 4985 1534 5038 viam

506 5063 678 5121 tuam,
718 5063 776 5109 ut
795 5054 1065 5108 ambulem
1094 5054 1148 5109 in
1169 5055 1394 5110 veritate
1420 5065 1532 5109 tua.

576 5144 680 5200 Uni
749 5161 841 5202 cor
886 5161 1068 5200 meum
1117 5147 1186 5201 ad
1238 5147 1537 5202 timendum

506 5230 701 5270 nomen
731 5227 908 5271 tuum.
934 5216 1178 5298 Hieron.,
1206 5221 1424 5272 unicum
1453 5217 1540 5272 fac

505 5300 600 5339 eor
676 5300 902 5351 meum,
961 5295 1024 5342 ut
1085 5295 1271 5342 timeat
1337 5302 1535 5342 nomen

504 5364 678 5412 tuum.

574 5454 661 5508 14.
692 5453 941 5524 Superbi.
971 5454 1208 5525 Πίθωνι,
1233 5457 1308 5512 id.

573 5541 640 5618 Et
659 5552 834 5598 cretus
862 5545 1182 5618 terribilium
1204 5549 1540 5618 quaesierunt

508 5614 741 5667 animant
774 5630 972 5668 meam.
1010 5614 1252 5684 Hieron.)
1285 5627 1338 5673 et
1363 5629 1540 5675 cmtus

509 5687 850 5738 robustorum
906 5687 1237 5754 quaesierunt
1298 5689 1536 5744 animam

507 5766 703 5809 meam.

582 5845 662 5897 16.
697 5846 768 5898 Da
798 5844 1166 5905 fortitudinem
1203 5858 1348 5906 tuam
1380 5867 1536 5912 servo

508 5920 622 5970 tuo.
653 5913 895 5982 Πίθωνι,
931 5917 1006 5972 id.

2181 1886 2337 1925 versu
2372 1872 2427 1927 2.

1751 2122 2110 2184 PSALMUS
2166 2119 2486 2183 LXXXV.

1911 2225 1999 2277 ΤΟ
2031 2223 2376 2276 EBPAIKUN

1795 2293 2121 2366 Ἑλληνικοῖς
2157 2293 2466 2366 γράμμασι.

1686 2390 1738 2444 1.

1681 2483 1739 2538 2.

1667 2644 1736 2698 ‘5.

1683 2805 1736 2860 5.

1682 2896 1732 2951 7.

1680 3453 1768 3509 14.

1686 3776 1774 3834 16.

1802 3940 2135 3998 VULGATA
2170 3939 2444 3997 LATINA.

1679 4037 1732 4094 1.
1775 4036 1960 4093 Oratio
1992 4037 2094 4109 ipsi
2119 4036 2310 4093 David.

1678 4199 1734 4252 2.
1772 4197 2002 4255 Sanctus
2035 4214 2179 4254 sum.

1609 4289 1733 4415 (1.5.
1771 4289 2039 4356 Quoniam
2083 4291 2150 4346 ad
2184 4301 2237 4347 te
2267 4290 2500 4346 clamavi
2535 4299 2647 4346 tota

1648 4376 1713 4415 te.

1648 4376 1713 4415 le.

1679 4519 1731 4574 5.
1756 4518 1822 4574 Et
1849 4520 2014 4575 mitis.

1639 4684 1732 4808 ν’.7.
1767 4683 2010 4740 Clamavi
2042 4685 2110 4740 ad
2151 4692 2233 4753 te,
2267 4683 2392 4755 quia
2422 4685 2647 4740 exaudi-

1662 4772 1676 4808 t
1703 4770 1808 4808 me.

1609 4769 1676 4811 SH
1703 4770 1808 4809 me.

1680 4851 1766 4904 11.
1801 4849 1981 4905 Deduc
2022 4866 2127 4912 me.
2179 4849 2424 4912 Domine,
2457 4849 2508 4902 in
2557 4849 2645 4904 via

1611 4929 1724 4985 tua,
1751 4929 1805 4976 et
1843 4922 2116 4991 ingrediar
2142 4922 2194 4975 in
2226 4922 2450 4976 veritate
2481 4929 2590 4973 tua.

1681 5149 1916 5204 Laetetur
1959 5167 2054 5204 cor
2107 5167 2309 5215 meum,
2348 5160 2406 5204 ut
2457 5152 2645 5206 timeat

1610 5234 1808 5275 nomen
1837 5229 1988 5274 tuum
1998 5260 2012 5275 .

1682 5454 1768 5508 14.
1800 5453 1998 5523 Iniqui.

1615 5567 1630 5594 ι
1682 5544 1748 5599 Ει
1779 5561 2049 5627 synagoga
2080 5546 2380 5614 potentium
2414 5545 2645 5618 quaesita.

1609 5626 1738 5671 runt
1769 5626 2006 5670 animam
2048 5631 2244 5672 meam.

1682 5853 1766 5908 16.
1828 5851 1904 5908 Da
1946 5852 2231 5926 imperium
2271 5862 2422 5909 tuum
2478 5867 2649 5928 puero

1609 5932 1723 5984 tuo.

2252 1935 2318 1996 V.
2352 1942 2439 2000 14.
2472 1943 2554 2009 Σ.,
2589 1941 2898 2012 δικαιοσύνη
2933 1949 3036 1997 etc.
3072 1938 3376 2006 Eusebius,
3406 1938 3506 2009 qui
3541 1938 3622 1994 sic
3655 1937 3749 1992 ba-

3088 2215 3382 2272 ΑΚΥΛΔΣ.

2789 2386 2840 2441 1.
2878 2383 3157 2457 Προσευχὴ
3180 2383 3272 2438 τοῦ
3292 2383 3476 2439 Δαυίδ.

2788 2478 2846 2534 2.

2791 2640 2843 2694 ’5.

2788 2801 2842 2856 5.
2877 2801 2986 2855 Καὶ
3022 2799 3259 2870 ἱλαστής.

2787 2892 2842 2976 7.
2885 2888 3305 2960 Ἐπικαλέσομαί
3338 2906 3434 2955 σε,
3475 2888 3564 2944 ὅτι
3615 2891 3759 2944 εἰσι-

2715 2979 2931 3025 κουσεις
2967 2979 3090 3032 μου.

2788 3054 2874 3110 11.
2897 3053 3134 3106 Φώτισόν
3154 3069 3246 3123 με,
3267 3051 3464 3122 Κύριε,
3487 3050 3548 3104 ὲν

2719 3141 2837 3191 σου,
2887 3124 3244 3198 περιπατήσω
3294 3124 3351 3176 ὲν
3408 3125 3479 3194 τῇ
3533 3123 3765 3194 ἀληθείᾳ

2717 3211 2833 3249 σου.

2785 3287 3112 3356 Μονάχωσον
3139 3287 3234 3356 τὴν
3263 3283 3495 3356 καρδίαν
3530 3302 3641 3356 μου
3670 3281 3762 3336 τοῦ

2716 3355 2993 3427 φοϐεῖσθαι
3023 3357 3084 3408 τὸ
3112 3355 3282 3426 ὄνομά.
3309 3355 3422 3408 σου.

2787 3450 2883 3504 14.

2785 3608 2896 3663 Καὶ
2947 3607 3236 3680 συναγωγὴ
3302 3624 3533 3679 mtto-xu
3539 3606 3761 3679 μωμέ-

2715 3695 2968 3733 νων...

2789 3773 2880 3827 16.

3093 3939 3370 4008 AQUILA.

2790 4036 2842 4092 1.
2874 4033 3060 4094 Oratio
3090 4036 3262 4108 ipsius
3285 4035 3481 4090 David.

2785 4199 2841 4255 2.

2788 4290 2844 4346 '5.

2791 4521 2842 4579 5.
2869 4522 2934 4577 Et
2954 4522 3240 4594 propitius.

2790 4685 2842 4738 7.
2899 4684 3166 4740 Invocabo
3214 4692 3267 4738 te
3317 4683 3448 4754 quia
3494 4683 3755 4740 exaudies

2720 4771 2824 4810 me.

2790 4847 2877 4902 11.
2929 4845 3175 4901 lliumina
3229 4859 3338 4910 me,
3386 4844 3633 4906 Domine.
3697 4845 3750 4898 in

2717 4916 2804 4971 via
2835 4927 2949 4983 tua,
2978 4918 3267 4972 ambulabo
3300 4917 3356 4972 in
3383 4922 3611 4974 veritate
3638 4931 3750 4971 tua.

2790 5149 3102 5204 Solitarium
3138 5146 3223 5204 fac
3250 5163 3347 5204 cor
3369 5165 3575 5214 meum,
3603 5158 3659 5202 ut
3681 5146 3747 5200 ti-

2718 5229 2863 5275 meat.
2885 5235 3086 5276 nomen
3115 5228 3292 5275 tuum.

2792 5455 2876 5509 14.

2789 5547 2856 5602 Et
2881 5565 3152 5622 synagoga
3176 5547 3600 5621 prmvalentium.
3619 5580 3636 5598 .
3653 5575 3674 5598 .

2794 5851 2885 5910 16.
