3936 6522
591 407 730 465 1055

877 626 964 678 ΤΟ
988 624 1352 679 ΕΒΡΑΙΚΟΝ.

1187 769 1482 847 τηεν-ιη’·Βῖ
1512 787 1535 837 l

978 891 1128 947 rma
1163 866 1340 942 θπκωδ
1377 892 1480 944 nm
1516 883 1550 937 4

804 1055 905 1104 'l‘D.
939 1052 1227 1109 rma-nr
1264 1052 1480 1106 imm
1520 1044 1552 1098 5

1092 1208 1245 1262 nam
1280 1209 1478 1261 mm:
1517 1200 1549 1254 6

607 1378 728 1425 wn
801 1377 920 1447 ηερ
981 1374 1124 1435 sapiu
1183 1379 1196 1424 :
1242 1349 1412 1424 ον’-97η
1453 1374 1557 1422 12::

671 1465 812 1513 tam
848 1433 995 1536 1am
1029 1433 1178 1514 nam
1211 1464 1304 1517 ’την
1340 1433 1631 1512 amat-35

1353 1672 1494 1722 νπιω
1530 1663 1561 1716 7

1035 1739 1254 1816 nemo.
1288 1767 1564 1818 cunmm

605 1975 970 2072 Tantm-5:1
1003 2002 1173 2073 Tim
1223 2003 1380 2051 nam
1411 1992 1636 2127 minii“;

607 2236 751 2289 unm
823 2236 971 2287 tam:
1031 2235 1211 2310 erm
1256 2237 1489 2310 hpmn
1537 2228 1570 2282 9

875 2329 994 2378 rem
1029 2302 1124 2377 n51
1161 2301 1263 2377 κθ)
1298 2301 1404 2378 Ίῄί)
1437 2330 1641 2384 nam

605 2533 828 2611 ἐνι-’κῆρ
876 2534 1127 2611 ’ξιτ-τετε)
1162 2536 1314 2584 nam
1361 2533 1469 2611 [re
1511 2526 1574 2578 to

718 2601 809 2678 v25
845 2603 980 2698 ’ν’-»ε
1017 2625 1222 2677 mnum
1257 2625 1346 2674 nu
1380 2601 1484 2675 ’πω
1523 2624 1643 2677 mm

729 2851 979 2908 VERSIO
1017 2851 1336 2907 HEBRAICI
1364 2851 1570 2908 TEXT.

679 2969 731 3024 1.
765 2968 940 3039 Super
961 2967 1256 3022 Mahalath.
1282 2967 1525 3032 Hierom,
1547 2983 1642 3038 per

605 3042 856 3096 chorum.

672 3129 726 3181 4.
771 3127 837 3181 Et
877 3125 1001 3180 vitae
1045 3139 1180 3179 mete
1223 3125 1289 3180 ad
1336 3124 1640 3194 sepulcrum

609 3200 963 3270 pertigcrunt.
1004 3194 1254 3270 (Mercia,
1295 3204 1348 3249 et
1383 3197 1494 3249 vita
1525 3210 1643 3249 mea

610 3263 678 3322 ad
708 3266 973 3321 infernum
1005 3263 1300 3320 descendit.

683 3359 734 3412 5.
769 3357 1066 3426 Reputatus
1102 3371 1221 3410 sum
1251 3369 1374 3408 cum
1417 3354 1646 3426 descen-

615 3423 873 3482 dentibus
929 3428 982 3478 in
1021 3427 1331 3478 cisternam.
1405 3423 1644 3488 Hieron.,

616 3506 894 3565 reputatus
933 3510 1056 3549 sum
1105 3509 1229 3548 cum
1270 3495 1648 3549 descendenti-

613 3568 717 3622 bus
751 3568 804 3620 in
842 3567 1038 3619 laeum.

686 3659 738 3714 6.
766 3658 820 3712 ln
846 3656 1252 3712 mortuisliber.
1283 3654 1526 3724 Πίθωνι,
1562 3655 1647 3710 ἰη-

614 3739 697 3784 ter
725 3737 971 3782 mortuos
1006 3727 1160 3780 liber.

688 3819 840 3874 Sicut
874 3818 1141 3872 vulnerati
1179 3817 1419 3887 iacentes
1442 3887 1449 3888 γ
1471 3817 1652 3888 sepul-

615 3906 731 3953 cro,
783 3905 1017 3959 quorum
1053 3904 1160 3942 non
1190 3887 1491 3942 recordatio
1535 3887 1650 3959 am.

617 3961 782 4030 plius,
805 3958 869 4030 et
897 3959 997 4028 ipsi
1027 3974 1059 4012 a
1093 3973 1255 4030 manu
1296 3966 1388 4030 tua
1424 3958 1651 4030 abscissi

618 4027 766 4086 sunt.
819 4027 1064 4092 Hierom,
1110 4029 1253 4083 sicut
1276 4027 1560 4094 ,interfecti
1599 4036 1653 4082 et

619 4099 953 4154 dormientes
989 4100 1042 4152 in
1088 4099 1371 4167 sepulcro,
1418 4112 1653 4167 quorum

620 4185 728 4225 non
755 4169 1057 4224 recordaris
1087 4168 1318 4238 amplius
1343 4184 1358 4221 :
1387 4176 1442 4223 et
1479 4167 1582 4238 ipsi
1620 4181 1652 4222 a

617 4256 783 4295 manu
809 4249 901 4294 tua
925 4238 1152 4294 abscissi
1181 4239 1347 4292 sunt.’

689 4333 739 4384 7.
767 4330 1007 4385 Posuisti
1040 4345 1146 4384 me.
1185 4328 1428 4394 Hierom,
1458 4327 1535 4382 id.

689 4422 746 4476 In
779 4421 1080 4478 tenebrosis
1136 4430 1189 4476 et
1237 4421 1292 4475 in
1343 4419 1648 4490 profundis.

617 4494 856 4558 Ilicron.,
882 4493 957 4545 id.

689 4585 743 4638 8.
777 4583 953 4652 Super
1032 4597 1120 4636 me
1168 4582 1339 4652 nixus
1360 4589 1445 4636 est
1488 4580 1652 4652 ,furor

617 4664 766 4718 tuus,
813 4649 872 4707 et
899 4652 1108 4707 cunctis
1143 4651 1393 4721 procellis
1425 4651 1530 4706 tuis
1564 4649 1648 4721 af-

617 4724 825 4778 ﬂixisti.
863 4721 1101 4787 Hieron,
1128 4720 1288 4790 super
1337 4737 1423 4776 me
1453 4720 1654 4775 conﬁr-

617 4804 798 4850 matus
825 4803 909 4848 est
941 4794 1091 4846 [uror
1143 4801 1288 4853 tuus,
1340 4800 1394 4845 et
1443 4790 1649 4846 cunctis

616 4865 870 4923 ﬂuctibus
900 4859 1015 4918 tuis'
1036 4862 1271 4916 alllixisti
1305 4876 1412 4916 me.

687 4963 740 5018 9.
772 4961 1036 5031 Elongare
1061 4957 1263 5031 iecisti
1307 4967 1464 5031 notos
1502 4975 1652 5017 meos

620 5050 650 5087 ει
679 5049 764 5087 me
791 5050 805 5086 :
845 5029 1075 5101 poeuisti
1105 5043 1190 5083 me
1217 5029 1651 5101 abominationes

620 5105 719 5167 eis,
760 5100 979 5156 clausus
1013 5110 1065 5154 ct
1102 5115 1205 5152 non
1233 5100 1495 5169 egrediar.
1526 5100 1652 5155 Hie-

617 5189 758 5233 ron..
807 5173 962 5240 longe
1001 5170 1170 5224 lecisti
1219 5179 1374 5224 notos
1424 5185 1571 5225 meos
1621 5187 1652 5226 a

618 5258 724 5307 me,
779 5240 1008 5310 posuisti
1062 5256 1147 5294 me
1192 5241 1650 5295 abominationem

618 5312 698 5366 eis
730 5329 746 5377 ;
777 5313 1021 5366 clausum
1049 5319 1103 5365 et
1135 5325 1240 5364 non
1272 5310 1648 5380 prodeuntem.

692 5401 780 5454 10.
815 5401 1016 5455 Oculus
1055 5417 1208 5456 meus
1229 5401 1401 5455 doluit
1436 5409 1652 5468 promer

621 5470 985 5525 amictionem.
1023 5469 1268 5525 lnvocavi
1299 5482 1369 5534 te,
1406 5470 1648 5537 Domine,

616 5543 676 5612 in
707 5540 1002 5612 omn_i__die,
1050 5541 1279 5594 distendi
1311 5542 1374 5593 ad
1409 5550 1462 5594 te
1503 5542 1652 5612 volas

621 5626 787 5665 meas.
820 5607 1064 5674 Hierom,
1095 5613 1280 5664 oculus
1314 5626 1467 5665 meus
1501 5611 1652 5665 inﬁr-

621 5688 802 5734 matus
831 5688 913 5732 est
945 5679 1012 5732 ab
1047 5677 1350 5743 aﬂlictionc,
1402 5681 1647 5735 invocavi

622 5760 694 5814 te,
733 5748 977 5821 Domine,
1015 5756 1126 5802 tota
1163 5749 1248 5804 die
1274 5767 1288 5802 :
1318 5750 1549 5821 expandi
1579 5752 1648 5806 ad

624 5831 676 5881 te
699 5820 904 5890 palmas
938 5833 1108 5875 meas.

1638 405 2105 465 HEXAPLORUM
2143 407 2309 476 QUAS
2350 406 2780 467 SUPERSUNT.

1826 524 1968 585 PSA
1982 525 2185 586 LMUS
2217 525 2596 587 LXXXVII.

1967 625 2052 679 ΤΟ
2082 626 2422 681 EBPAIKON

1875 695 2200 769 Ἑλληνικοῖς
2238 697 2544 770 γράμμασι.

1762 791 1813 842 1.

1759 880 1811 933 4.

1762 1042 1816 1098 5.

1763 1198 1818 1255 6.

1767 1668 1826 1724 7.

1777 1987 1812 2043 8

1775 2222 1830 2280 9.

1788 2525 1877 2580 10.

1905 2849 2230 2906 .VULGATA
2268 2849 2539 2907 LATINA.

1785 2968 1836 3022 1.
1866 2965 1971 3023 Pro
1997 2966 2284 3023 Mabeleth.

1783 3129 1836 3184 4.
1878 3127 1944 3181 Ει
1982 3129 2090 3184 vita
2125 3143 2248 3185 mea
2291 3127 2503 3184 inferno
2544 3141 2741 3199 appro-

1713 3199 2013 3269 pinquavit.

1785 3360 1840 3415 5.
1874 3359 2197 3416 Estimatus
2223 3376 2342 3417 sum
2364 3375 2490 3416 cum
2525 3359 2745 3417 descen-

1717 3429 1968 3486 dentibus
1989 3431 2044 3485 in
2072 3432 2272 3486 lacum.

1788 3660 1840 3715 6.
1869 3661 2012 3715 Inter
2041 3671 2285 3719 mortuos
2303 3661 2462 3718 liber.

1795 3818 1948 3873 Sicut
1989 3820 2274 3884 vulnerati,
2314 3820 2644 3876 dormientes
2691 3823 2748 3877 in

1723 3889 2009 3960 sepulcris,
2061 3905 2293 3960 quorum
2337 3906 2443 3944 non
2462 3908 2520 3946 es
2542 3907 2750 3954 memor

1722 3959 1990 4031 amplius:
2020 3968 2073 4014 et
2108 3961 2213 4031 ipsi
2244 3961 2314 4016 de
2349 3977 2513 4016 manu
2546 3972 2634 4016 tua
2667 3976 2749 4016 re-

1723 4029 1867 4098 pulsi
1894 4037 2040 4085 sunt.

1795 4331 1849 4386 7.
1879 4331 2184 4387 Posuerunt
2213 4348 2319 4389 me.

1724 4493 1761 4548 ι.
1792 4421 1852 4477 In
1880 4425 2181 4481 tenebrosis
2218 4437 2274 4483 et
2301 4427 2356 4482 in
2387 4426 2580 4482 umbra
2608 4441 2752 4482 mor-

1747 4509 1814 4548 IS.

1747 4509 1814 4549 IS.

1792 4585 1845 4640 8.
1907 4586 2080 4656 Super
2129 4601 2215 4642 me
2272 4587 2620 4644 confirmatus
2670 4597 2754 4644 est

1723 4653 1876 4710 furor
1911 4653 2058 4722 tuus,
2091 4665 2145 4710 et
2183 4672 2372 4713 omnes
2399 4655 2594 4713 ﬂuctus
2633 4669 2753 4714 tuos

1722 4725 1979 4783 induxisti
2005 4742 2170 4796 super
2195 4742 2298 4782 me.
2443 4741 2446 4744 ‘

1793 4958 1847 5012 9.
1890 4956 2073 5028 Longe
2120 4957 2296 5013 fecisti
2341 4967 2496 5014 notos
2528 4974 2678 5015 meos
2720 4974 2753 5014 a

1721 5044 1809 5082 me
1831 5046 1845 5081 :
1871 5039 2172 5096 posuerunt
2191 5045 2276 5084 me
2297 5030 2752 5085 abominationem

1721 5098 1845 5223 sibi;
1881 5097 2134 5154 Traditus
2185 5116 2327 5165 sum,
2361 5113 2414 5156 et
2457 5117 2562 5154 non
2604 5116 2756 5171 egre—

1760 5184 1809 5224 ie
1847 5184 1924 5224 ar.

1796 5398 1879 5452 10.
1919 5396 2071 5470 Ορυιί
2116 5399 2223 5454 mei
2276 5399 2599 5470 langucrunt
2647 5415 2757 5470 prae

1724 5470 1926 5538 inopia.
1944 5469 2182 5524 Clamavi
2199 5470 2263 5524 ad
2283 5480 2354 5532 te,
2386 5470 2628 5537 Domine,
2648 5469 2756 5526 tota

1725 5541 1850 5594 die:
1884 5541 2116 5610 expaudi
2145 5541 2212 5597 ad
2241 5551 2292 5595 te
2325 5555 2520 5596 manus
2556 5556 2727 5596 meas.

3668 394 3795 452 [056

3162 621 3455 682 ΑΚΥΛΔΣ.

2860 787 2911 840 1.
2958 785 3077 840 Ἐπὶ
3099 785 3334 858 χορείας.

2860 880 2914 933 4.
2950 879 3114 950 Καὶὴ
3148 878 3258 950 ζωή
3291 893 3391 948 μου
3438 877 3523 939 εἰς
3546 875 3682 946 ᾅδην
3700 893 3803 928 κατ-

2792 951 3040 1022 ήντηκεν.

2862 1042 2915 1097 5.

2866 1205 2920 1259 6.
2961 1203 3048 1256 Ἐν
3079 1199 3388 1271 τεθνηκόσιν
3418 1199 3732 1268 ἐλεύθερος.

2870 1369 3091 1440 Ὀμοιος
3114 1366 3568 1440 ᾁνῃρημένοις..
3607 1406 3620 1418 .
3653 1360 3727 1440 ᾧν
3742 1366 3809 1417 οὖν

2799 1436 3072 1510 ὲμνήὰθης
3100 1436 3323 1510 ἐτξζᾷαὶ
3353 1437 3508 1489 αὐτοὶ
3529 1437 3600 1488 ἐκ
3625 1436 3724 1505 τῆς
3741 1453 3806 1506 Ias

2803 1507 2892 1580 ρός
2923 1507 3012 1563 oon
3030 1507 3412 1579 ’ἀπεώσθησανι

2871 1671 2926 1724 7.
2959 1669 3121 1723 Ἔθου
3152 1686 3236 1742 με.

2886 1761 2974 1815 Ἐν
3003 1763 3290 1824 σκοτεινοῖς
3317 1759 3413 1816 καὶ
3441 1760 3501 1815 ὲν
3530 1756 3740 1828 βυθοξ.

2877 1991 2931 2048 8.

2879 2219 2934 2275 9.

2888 2519 2974 2574 10.

3175 2843 3449 2912 Αρυιω.

2890 2963 2942 3017 1.
2987 2960 3160 3032 Super
3179 2961 3400 3017 chorea.

2882 3123 3034 3249 ιτιει
3065 3124 3174 3180 vita
3197 3138 3316 3178 mea
3345 3123 3401 3178 in
3439 3121 3726 3180 infernum
3759 3121 3816 3176 de

2883 3209 2937 3249 m
2966 3233 2981 3249 .

2814 3208 2981 3249 venit.

2887 3359 2940 3415 5.

2887 3658 2939 3715 6.
2960 3657 3018 3713 In
3057 3658 3286 3714 mortuis
3314 3657 3472 3712 liber.

2889 3819 3095 3876 Similis
3161 3819 3542 3891 interfectis...
3619 3834 3825 3891 quonmf

2818 3906 2927 3946 non
2951 3892 3265 3946 recordatus
3293 3906 3352 3945 es
3367 3890 3644 3960 amplius,
3665 3899 3721 3946 et
3746 3890 3823 3959 ipsi

2819 3960 2886 4016 de
2911 3977 3075 4016 manu
3104 3970 3195 4015 tua
3220 3961 3429 4031 depulsi
3449 3971 3603 4018 sum.

2889 4333 2945 4388 7.
2977 4332 3211 4389 Posuisti
3239 4347 3346 4387 me.

2890 4423 2950 4480 ln
2990 4424 3292 4482 tenebrosis
3320 4433 3375 4480 et
3397 4423 3452 4478 in
3488 4419 3777 4494 profundis.

2898 4588 2951 4644 8.

2899 5403 2987 5460 10.
