3936 6552
531 345 666 404 1083

804 467 890 521 ΤΟ
917 469 1281 529 ΕΒΡΑΙΚΟΝ.

525 867 707 926 ῈΠὈῘ
776 871 981 925 mw:
1050 875 1242 929 unm:
1311 871 1492 928 17-15

527 937 826 1033 Ἴτην-ΒΝ
860 965 999 1016 nam
1035 972 1050 1010 :
1081 970 1195 1040 rm
1232 969 1384 1022 uim
1419 975 1596 1040 num

527 1053 633 1107 cur:
662 1053 676 1097 l
701 1054 804 1106 arm
834 1062 847 1104 :
884 1035 1184 1136 unua-5::
1208 1062 1381 1136 'pjtm
1415 1043 1562 1136 153:5

525 1144 648 1197 ηδ’-ετ
718 1149 919 1204 mm
989 1125 1130 1209 πλὴν
1187 1125 1368 1205 υὶπθκ
1439 1125 1560 1208 ἐςτιν

627 1238 797 1290 1.13:1:
829 1240 957 1293 πλην
994 1243 1195 1298 nwm
1230 1221 1372 1301 πλὴν
1410 1249 1557 1298 nam

621 1599 866 1658 VERSIO
903 1602 1221 1662 HEBRAICI
1259 1607 1463 1665 TEXT.

524 1694 818 1750 sericordia
869 1705 982 1762 tua,
1013 1708 1067 1753 et
1086 1701 1477 1759 exsultabimus
1508 1712 1562 1759 et

523 1764 824 1819 laetabimur
868 1768 923 1821 in
965 1771 1217 1825 omnibus
1246 1772 1436 1827 diebus
1461 1789 1560 1828 no-

521 1837 669 1909 Stris.
695 1835 945 1909 ΔΗὶρξτρη..
980 1839 1140 1909 imple
1168 1857 1267 1895 nos
1295 1843 1556 1904 matutina

523 1905 896 1960 misericordia
925 1915 1038 1971 tua,
1057 1905 1114 1963 et
1141 1911 1483 1966 laudabimus
1505 1923 1558 1968 et

519 1973 822 2056 lautabimur
868 1978 920 2031 in
973 1981 1182 2035 cunctis
1231 1981 1426 2038 diebus
1453 1999 1554 2038 no-

522 2055 672 2100 SlrlS.

590 2138 774 2215 157”,
815 2139 1052 2198 Laetiﬁca
1089 2161 1212 2208 nos,
1244 2145 1399 2215 juxta
1440 2147 1555 2205 dies

519 2207 752 2266 amixisti
784 2226 906 2276 nos,
936 2228 1108 2269 annos
1160 2207 1392 2272 vidimus
1440 2235 1555 2272 ma-

519 2277 630 2332 lum
665 2297 679 2334 :
715 2283 1082 2352 conspiciatur
1133 2285 1186 2339 in
1234 2289 1404 2344 servis
1448 2291 1555 2344 tuis

517 2363 652 2416 opus
680 2358 852 2416 tuum,
883 2363 936 2406 et
969 2354 1130 2410 decor
1163 2367 1289 2413 tuus
1332 2359 1387 2412 in
1430 2358 1554 2412 ﬁliis

516 2432 727 2493 eorum.
771 2420 834 2493 Et
885 2422 954 2477 sit
994 2424 1309 2493 iucunditas
1337 2427 1549 2482 Domini

518 2485 612 2540 Dei
643 2490 813 2544 nostri
845 2485 1011 2559 super
1040 2510 1158 2566 nos,
1187 2508 1242 2550 et
1269 2512 1404 2566 opus
1437 2514 1553 2551 rna-

517 2572 685 2610 nuum
715 2570 1022 2615 nostrarum
1056 2564 1140 2617 fac
1171 2564 1362 2620 stabile
1394 2583 1556 2636 super

517 2641 619 2681 nos
637 2645 664 2699 κίε
693 2639 744 2682 et
775 2644 912 2699 opus
955 2648 1210 2686 manuum
1248 2645 1555 2690 nostrarum

517 2698 779 2752 conﬁrma
813 2698 980 2772 illud.
1043 2702 1288 2772 Hierom,
1350 2707 1560 2761 laetiﬁca

516 2781 620 2820 nos
676 2782 774 2836 pro
827 2769 1018 2841 diebus
1069 2769 1282 2841 quibus
1323 2777 1560 2831 alilixisti

518 2845 706 2909 nos,et
731 2837 888 2894 annis
916 2837 1114 2909 quibus
1135 2845 1369 2907 vidimus
1397 2848 1558 2900 mala.

515 2905 788 2976 Appareat
837 2905 978 2986 apud
1032 2905 1218 2968 serves
1252 2924 1376 2970 tuos
1420 2932 1558 2986 opus

517 2986 783 3060 tuum,net
812 2980 982 3060 gloria
1006 2986 1443 3060 tua_super_ﬁ_lios
1457 2980 1560 3040 eo-

517 3061 660 3102 rum.
696 3046 762 3102 Et
793 3046 864 3104 sit
895 3051 1058 3106 decor
1082 3046 1296 3109 Domini
1327 3054 1421 3110 Dei
1456 3071 1559 3110 no-

518 3116 616 3170 stri
657 3132 819 3186 super
857 3136 979 3187 nos,
1016 3132 1070 3177 et
1120 3139 1258 3187 opus
1295 3141 1556 3180 manuum

517 3196 828 3242 nostrarum
883 3189 970 3245 fac
1013 3189 1204 3248 stabile
1251 3210 1559 3264 supernos,

518 3265 572 3379 (Et
617 3272 752 3326 opus
798 3274 1058 3317 manuum
1087 3272 1399 3320 nostrarum
1427 3281 1561 3321 con-

539 3342 695 3379 irma.

539 3342 695 3381 tuna.

1560 366 2033 435 HEXAPLORL'M
2065 375 2229 443 QUE
2266 377 2695 442 SUPERSUNT.

1843 531 1847 535 .
1937 489 2025 543 ΤΟ
2057 491 2406 548 EBPAIKON

1822 556 2146 631 Ἑλληνικοῖς
2180 564 2490 636 γράμμασι.

1706 887 1897 943 15-17.

1822 1613 2147 1672 VULGATA
2182 1616 2454 1677 LATINA.

1630 1707 1813 1762 cordia
1875 1717 1990 1772 tua,
2046 1718 2100 1764 et
2143 1711 2551 1777 exsultavimus,
2607 1721 2662 1766 et

1628 1777 1874 1860 delectati
1926 1795 2117 1837 sumus
2171 1782 2424 1838 omnibus
2469 1782 2660 1839 diebus

1628 1856 1850 1903 nostris.

1695 2149 1877 2204 15-17.
1918 2147 2101 2202 Ιιαλιθιί
2137 2163 2326 2203 sumus
2349 2163 2447 2218 pro
2474 2149 2660 2204 diebus

1623 2220 1821 2288 quibus
1861 2233 1961 2273 nos
1990 2219 2304 2289 humiliasti,
2344 2220 2501 2274 annis
2537 2221 2661 2289 qui-

1625 2289 1725 2343 bus
1755 2289 1990 2344 vidimus
2022 2289 2181 2342 mala.
2213 2288 2439 2358 Respice
2472 2291 2522 2342 in
2545 2288 2660 2343 scr-

1623 2375 1718 2414 vos
1751 2368 1873 2414 tuos
1898 2369 1952 2413 et
1978 2359 2032 2412 in
2063 2375 2226 2427 opera
2261 2370 2372 2422 tua,
2407 2369 2461 2412 et
2487 2360 2661 2429 dirige

1624 2429 1760 2483 ﬁlios
1809 2444 2018 2482 eorum.
2046 2429 2111 2482 Et
2157 2430 2227 2483 sit
2278 2429 2530 2497 splendor
2557 2428 2662 2482 Do-

1624 2499 1754 2552 mini
1785 2498 1875 2552 Dei
1904 2500 2072 2554 nostri
2103 2513 2265 2567 supcr
2286 2508 2471 2562 nos,et
2497 2513 2661 2568 opera

1627 2584 1885 2622 manuum
1907 2579 2214 2622 nostrarum
2237 2569 2405 2637 dirige
2424 2587 2436 2622 :
2457 2577 2508 2624 et
2523 2583 2661 2639 opus

1629 2653 1891 2693 manuum
1921 2649 2230 2694 nostrarum
2255 2638 2449 2709 dirige.

2807 893 2990 951 15-17.

2803 2141 2894 2209 15,
2938 2140 3024 2196 η.

1291 3451 1468 3511 Notae
1498 3455 1561 3512 et
1590 3451 1782 3514 varia)
1809 3449 2119 3517 lectiones
2141 3454 2222 3519 ad
2249 3455 2572 3521 Psalmum
2615 3459 2720 3524 LX
2735 3460 2850 3523 XX
2869 3463 2980 3525 IX.

588 3581 654 3636 ν.
687 3585 738 3640 l.
778 3586 860 3653 Σ.,
891 3587 950 3640 ὲν
994 3588 1196 3662 ἑκάστῃ
1249 3601 1353 3648 etc.
1388 3593 1675 3662 Eusebius,
1712 3613 1844 3654 mss.
1872 3605 1926 3654 et
1953 3599 2094 3654 Dru-

523 3653 660 3709 sius.

928 3726 1011 3789 Σ.,
1042 3728 1170 3812 πρὶγ
1200 3729 1306 3812 ξρη
1344 3731 1604 3812 ςτεχθῆναι
1629 3743 1765 3812 etc._
1793 3735 2085 3812 Eusebius.

1280 3806 1549 3870 prianum,
1585 3811 1639 3858 et
1667 3806 1837 3862 codex
1868 3807 2087 3864 Graecus

521 3817 881 3863 Hieronymus
914 3817 1040 3850 vero
1085 3817 1151 3852 au
1196 3817 1237 3853 ιι
1280 3817 1549 3870 pnanum,
1585 3817 1639 3858 et
1667 3817 1837 3862 coaex
1868 3817 2087 3864 Graecus

518 3863 885 3946 ‘Colbertinus,
927 3866 1040 3920 haec
1088 3817 1344 3926 omnibus
1387 3872 1509 3928 aliis
1559 3875 1945 3946 interpretibus
1994 3879 2089 3933 tri-

518 3792 881 3863 Hieronymus
914 3813 1040 3850 vero
1085 3792 1151 3852 ad
1196 3800 1237 3853 C

517 3931 684 3987 buere
716 3935 985 3990 videntur.

588 4002 726 4088 Ibid.
765 4008 829 4060 Οἱ
843 4005 1082 4075 πάντες,
1107 4009 1212 4063 ἀπὸ
1235 4009 1328 4064 τοῦ
1350 4020 1455 4067 etc.
1479 4011 1840 4088 Hieronymus
1863 4019 1930 4075 ad
1955 4019 2094 4075 Sun.

522 4082 578 4127 et
609 4071 753 4129 Fret.

592 4141 654 4197 V.
691 4144 744 4199 3.
799 4145 902 4216 ’A.,
935 4148 1029 4202 καὶ
1057 4149 1200 4220 ἐρεῖς
1227 4160 1331 4207 etc.
1360 4152 1754 4214 Theodoretus.

791 4424 879 4477 ΤΟ
915 4425 1283 4484 EBPAIKON:

941 4571 1078 4676 pt‘m
1111 4601 1271 4650 anon
1301 4601 1415 4653 mm
1460 4593 1482 4647 t

1033 4827 1200 4894 πεπυ
1239 4828 1345 4882 ’τω
1377 4804 1490 4882 5n

955 4991 1248 5044 ﬁrmas:
1284 4987 1416 5044 ima
1454 4987 1490 5040 2

633 5145 885 5203 VERSIO
918 5148 1238 5204 IlEBRAlCI
1276 5138 1483 5208 'r‘Ex'T.

593 5243 645 5297 ι.
686 5243 942 5310 Habitans
968 5245 1022 5300 in
1047 5246 1364 5302 abscondito
1393 5249 1561 5304 Altis-

533 5312 687 5386 simi.
711 5313 948 5386 Ηίβζοη..
981 5317 1075 5386 qui
1102 5316 1306 5374 habitat
1329 5317 1384 5372 in
1434 5321 1560 5375 abs-

533 5383 753 5436 condito
800 5383 1033 5440 Excelsi.

603 5473 659 5526 In
684 5474 872 5529 umbra
891 5474 1087 5531 Saddai
1114 5478 1560 5534 commorabitur.

3097 501 3394 556 ΔΚΥΛΔΣ.

3122 1615 3402 1686 AQUILA.

2267 3601 2335 3679 Χ.
2365 3605 2422 3679 ξ.
2461 3605 2543 3679 ξπ,
2575 3605 2669 3679 καὶ
2700 3606 3139 3679 dic_etc.__Regius
3167 3624 3327 3665 unus.

2453 3676 2542 3747 Σ.,
2579 3676 2660 3728 ὅτι
2688 3676 2868 3747 ἀνηλ-.
2901 3671 3188 3733 Ειιεᾶὺὶυε.

2267 3744 2403 3798 Ibid.
2450 3746 2554 3810 ’A.,
2589 3747 2670 3808 Σ.,
2707 3744 2946 3800 ὲσᾶτεύσα

2270 3811 2332 3866 ν.
2357 3813 2435 3888 8.Δ
2464 3814 2566 3888 Ἀ.ἓ
2609 3816 2708 3878 τὰς
2759 3811 3232 3888 παροράσειςᾷρῐο.
3294 3816 3385 3874 Sic
3425 3816 3768 3876 Martianzus

2197 3892 2386 3938 noster
2409 3884 2617 3953 Aquila:
2643 3884 2941 3940 versionem
2981 3903 3046 3941 ex
3097 3886 3422 3953 Hieronymo
3449 3891 3642 3946 edidit.
3674 3889 3767 3946 Le-

3021 3765 3070 3802 v.
3101 3747 3230 3802 Mss.

3646 391 3764 448 HN

2200 3956 2436 4024 ctionem
2474 3947 2798 4024 'Symmachi
2846 3957 2925 4010 sic
2975 3957 3173 4012 habent
3215 3947 3508 4023 Eusebius,
3551 3977 3682 4015 mss.
3717 3970 3764 4013 et

2203 4108 2326 4154 κας.

1879 4303 2238 4366 PSALMUS
2286 4305 2419 4367 XC.

1905 4430 1993 4485 ΤΟ
2029 4433 2374 4487 EBPAIKON

1811 4500 2138 4572 Ἑλληνικοῖς
2173 4504 2482 4575 γράμμασι.

1704 4597 1756 4652 1.

1691 4987 1750 5043 2.

1838 5150 2168 5208 VULGATA
2203 5150 2482 5208 LATINA.

1670 5247 1754 5320 ,1.
1796 5247 1897 5315 Qui
1928 5249 2133 5304 habitat
2178 5248 2231 5304 in
2275 5247 2545 5320 adjutorio
2571 5246 2664 5302 Al-

1633 5318 1850 5373 tissimi.

1705 5475 1762 5530 In
1788 5475 2120 5546 protectione
2142 5475 2237 5532 Dei
2266 5475 2389 5534 cceli
2417 5490 2658 5534 commo-

536 5541 754 5596 Hieron.
785 5584 801 5608 ,
858 5545 911 5598 in
961 5547 1280 5604 umbraculo
1352 5548 1565 5604 Domini
1635 5541 1864 5603 rabitur.

531 5613 970 5668 commorabitur.

595 5703 650 5760 ςι.
694 5705 833 5759 Deus
877 5720 1053 5772 meus,
1081 5706 1347 5765 conﬁdam
1379 5708 1435 5766 in
1477 5723 1561 5768 eo.

514 5773 767 5856 ‘Hicronﬂ
801 5773 877 5832 id.
903 5771 912 5776 ’

1704 5706 1759 5763 2.
1800 5706 1944 5766 Deus
1969 5722 2145 5779 meus,
2176 5708 2404 5781 sperabo
2431 5709 2486 5766 in
2513 5723 2661 5768 eum.

3095 4436 3395 4492 ΑΚΥΛΑΣ.

2201 4021 2454 4090 Drusius,
2484 4021 2578 4094 qui
2633 4025 2784 4096 legit,
2812 4026 3144 4098 προέθηκας,
3196 4027 3288 4082 alii
3318 4043 3472 4094 vero,
3496 4021 3766 4102 ἡρωέθη-

2262 4160 2325 4217 V.
2356 4161 2410 4218 9.
2447 4163 2535 4230 Σ.,
2575 4163 2745 4218 πᾶσαι
2778 4163 2888 4236 γὰρ
2915 4173 3021 4222 etc.
3069 4163 3333 4223 Eusebius
3360 4175 3418 4223 et
3447 4185 3596 4225 unus
3641 4170 3762 4241 Reg.

2912 4597 2971 4651 '0
3020 4599 3325 4672 καθήμενος
3366 4601 3427 4654 ὲν
3473 4602 3763 4675 ἀποκρύφῳ

2747 4667 3020 4737 Ὑψίστου.

2816 4827 2906 4882 Ἐν
2935 4829 3112 4903 σκέπῃ
3137 4831 3346 4886 Ἱκανοῦ
3365 4833 3756 4906 αὐλισθήσετα.

2799 4989 2872 5067 2._
2903 4986 2966 5044 '0
3009 4990 3141 5054 Θεός
3194 5007 3318 5062 μου,
3353 4994 3668 5067 πεποιθήσει)
3710 4996 3757 5048 ἐν

2733 5059 2905 5130 αὐτῷ.

3121 5151 3401 5219 AQUILA.

2806 5247 2859 5301 l.
2898 5245 3002 5313 Qui
3025 5248 3177 5303 sedet
3195 5249 3250 5303 in
3273 5245 3752 5306 arcanoAltissimi.

2805 5476 2865 5534 In
2891 5476 3392 5550 tegumentoFortis
3413 5476 3749 5537 commoniti

2735 5554 2845 5603 tur.

2805 5711 2862 5768 2.
2905 5711 3050 5770 Deus
3070 5727 3247 5781 meus,
3271 5713 3543 5771 conﬁdam
3572 5713 3622 5770 in
3645 5725 3718 5766 eo.
