4118 6430
315 409 420 464 157

391 521 450 576 V.
485 522 823 592 16.⁶Αλλος,
850 528 1134 582 ἐπιστάται
1155 528 1250 582 τοῦ
1280 529 1410 584 λαοῦ
1438 531 1548 584 τῶν
1566 534 1883 588 ποιούντων.

320 592 583 668 I_)rusius,_
600 596 694 668 qui
723 596 777 649 in
811 598 974 653 hasce
1003 599 1199 668 capitis
1223 618 1251 651 ν
1275 600 1534 656 lectiones
1558 603 1671 658 haec
1697 612 1847 658 notat
1872 623 1883 656 :

314 663 448 741 Qua:
477 664 901 741 adduteicxisto
932 663 1124 741 capite,
1166 669 1424 724 habentur
1465 672 1517 724 in
1577 672 1725 726 libris
1772 673 1890 741 qui-
1949 687 1958 736 '_

315 732 536 787 busdam
563 735 814 791 editionis
852 732 1184 808 Vulgata-et
1213 756 1530 811 quamquam
1558 732 1810 796 credibile
1834 743 1908 796 sit

1479 419 1610 476 LIB.
1657 421 1724 476 lll
1762 420 2006 477 REGUM
2043 419 2270 477 CAPUT
2307 419 2397 476 Vl.

3478 421 3583 480 lii'S

1995 550 2058 586 ea
2084 533 2348 604 descripta
2378 535 2542 603 fuisse
2569 549 2634 586 ea:
2665 535 2849 604 aliqua
2877 536 3104 590 editione
3135 545 3335 590 vetusta
3357 579 3370 600 ,
3406 548 3579 594 tamen

1997 604 2051 679 id
2081 619 2178 679 pro
2209 615 2349 658 certo
2367 606 2638 679 omniurn:
2663 621 2766 658 non
2790 623 3089 674 possumus.
3117 608 3240 661 Dies
3269 625 3384 675 nos,
3404 625 3576 679 spero,

1998 674 2203 727 docebit
2237 675 2374 744 quod
2399 692 2539 728 nunc
2565 675 2891 746 ignoramus.

1303 957 1308 962 '
1389 939 1644 1000 CAPUT
1689 939 1771 1000 Vl
1827 941 1975 1001 LlB.
2033 939 2120 998 IlI
2193 939 2498 1002 REGUM.

631 1037 1038 1094 ΣΥΜΜΑΧΟΣ.
1921 1044 1962 1094 0
1981 1080 1998 1094 .
2859 1042 3259 1100 ΘΕΟΔΟΤΙΩΝ.

384 1192 411 1246 1
424 1233 438 1247 .
485 1193 870 1268 Ὀγδοηκοστῷ.
1497 1201 1548 1256 1.
1584 1202 2032 1274 Τεσσαρακοστῷ.
2615 1205 2662 1257 l.

376 1285 435 1341 2.
1493 1291 1550 1344 9...
1587 1291 2024 1365 Τεσσαράκοντα.
2073 1291 2280 1348 Ἄλλοι
2299 1334 2312 1358 ,
2342 1293 2465 1364 ὲξή-
2609 1293 2664 1348 2.

1425 1377 1611 1416 κοντα.
1955 1391 1958 1394 ’

381 1444 438 1500 5.
471 1446 774 1519 Πρόπυλον.
1495 1453 1549 1508 5.
1583 1452 1655 1505 Τὸ
1683 1453 1872 1524 amp.
2609 1456 2662 1510 3.

385 1537 700 1632 1.“εῗυρίδας
747 1541 840 1594 καὶ
863 1541 1088 1609 ὲκθέτας
1135 1545 1356 1610 ἐπισκὲ-
1590 1549 1821 1623 Θυρίδας
1866 1550 2302 1624 διακυπτομένας
2335 1571 2468 1624 κρυ-
2702 1547 2932 1620 Θυρίδας
2977 1550 3412 1623 διακυπτομένας
3451 1569 3584 1625 κρυ-

312 1623 534 1671 ποντας.
1426 1620 1583 1684 πτάς,
1672 1620 1683 1623 “
2139 1620 2148 1624 ⁷
2375 1620 2388 1624 ⁷
2540 1620 2702 1680 πτάς.

382 1697 436 1752 5.
465 1699 938 1773 Καταπρὼματα.
1496 1709 1548 1763 5.
1585 1709 1767 1764 Μέλαθ
1777 1729 1864 1784 ρα.

2607 1706 2662 1762 5.

381 1793 492 1848 Καὶ
525 1799 1014 1870 χρηματιστηριου.
1497 1801 1608 1854 Καὶ
1636 1801 1714 1872 τῷ
1736 1803 1925 1876 Δαδίρ.
2705 1805 2710 1809 ’

385 1885 437 1938 9.
1497 1891 1550 1946 9.
1581 1893 1690 1946 Καὶ
1723 1894 1896 1954 ὲκοιλο

1999 1896 2032 1949 ιθ
2041 1913 2231 1968 μησεν.
2427 1951 2434 1958 ,
2607 1889 2662 1946 9ο

382 1973 469 2029 10.
501 1978 610 2032 Καὶ
681 1979 997 2053 ᾠκοδόμησε
1049 1983 1109 2036 τὺ
1183 1985 1356 2038 κατάο
1499 1984 1584 2038 10.
1613 1985 2087 2058 Καὶμῴκοδόμησε
2141 1989 2266 2051 τοὺς
2322 1985 2467 2039 ὲνδέ-
2611 1981 2695 2035 10.

311 2061 558 2117 στρωμα.
1427 2071 1598 2123 σμους
1630 2056 1694 2109 δι’
1723 2056 1843 2110 ὅλου
1896 2056 1987 2110 τοῦ
2013 2056 2160 2112 οἴκου
2193 2059 2354 2111 πέντε
2407 2058 2469 2110 ὲν

1427 2126 1591 2197 πήχει
1620 2127 1682 2179 τὸ
1705 2126 1836 2198 ὕψος
1863 2127 2047 2182 αὑτοῦ.

601 2227 1046 2291 SYMMACHUS.
1611 2237 1754 2292 LXX
1793 2238 1858 2294 1N
1865 2240 2296 2296 TERPRETES.
2829 2233 2921 2292 ΤΗ
2931 2235 3240 2294 ΕΟΒΟΤΙΟι

381 2325 438 2379 1.
474 2323 840 2396 Octogesimo.
1491 2333 1546 2388 1.
1581 2333 1894 2406 Quadrages

1999 2356 2028 2392 ν.
2612 2331 2664 2387 1.

383 2415 445 2470 2.
1492 2423 1546 2479 2.
1577 2424 1966 2496 Quadraginta.
1995 2427 2126 2492 Alii,
2159 2427 2461 2498 sexaginta.
2606 2422 2664 2479 2.

378 2507 434 2562 5.
465 2505 826 2565 Vestibulum.
1492 2515 1545 2570 5.
1581 2514 1782 2571 Hilam.

2608 2513 2664 2569 5.

377 2599 758 2684 4._Fenestras
773 2613 827 2658 et
853 2604 1099 2662 ectbetas
1125 2606 1192 2662 ad
1220 2623 1352 2678 pro-
1491 2608 1547 2684 di.
1578 2607 1866 2664 Fenestras
1913 2609 2324 2680 prospicientes,
2371 2624 2464 2665 oc-
2610 2609 2664 2684 τι.
2701 2609 2988 2670 Fenestras
3041 2611 3454 2684 prospicientes,
3483 2626 3580 2667 oc-

309 2679 576 2741 spectum.
1422 2678 1619 2732 cultas.
1915 2678 1932 2680 ⁷
2043 2678 2054 2679 ί
2535 2680 2730 2736 cultas.

381 2763 436 2818 5.
465 2762 752 2820 Tabulata.
1494 2767 1544 2823 5.
1573 2768 1856 2825 Melathra.
2605 2773 2659 2833 5.

379 2853 446 2908 Et
469 2857 700 2914 oraculi.
1491 2859 1560 2917 Et
1587 2863 1690 2934 ipsi
1719 2863 1904 2919 Dabir.

379 2945 431 3002 9.
1491 2953 1546 3009 9.
1577 2953 1734 3010 Texit
1765 2973 1985 3026 quoque
2022 2957 2393 3026 laquearibus.
2612 2959 2671 3015 9.

382 3039 470 3094 10.
497 3038 564 3094 Ει
592 3039 882 3098 aediﬁcavit
913 3041 1237 3097 tabulatum.
1495 3045 1580 3100 10.
1617 3045 1682 3101 Et
1709 3048 1896 3102 ardillc:

2047 3049 2335 3116 ligamenta
2367 3067 2460 3106 su-
2609 3054 2694 3106 10.

1423 3130 1520 3185 per
1549 3125 1716 3190 totam
1748 3121 1992 3190 domum,
2023 3121 2264 3190 quinque
2309 3123 2459 3178 cubi-

1422 3195 1602 3240 torum
1633 3189 1858 3243 altitudo
1887 3189 2026 3258 ejus.

259 3329 266 3338 ,
309 3270 494 3325 medio
537 3271 774 3326 ﬁliorum
811 3273 976 3327 Israel
1007 3292 1018 3326 :
1053 3281 1106 3328 et
1143 3289 1250 3330 non
1290 3273 1664 3347 derelinquam
1712 3295 1888 3348 popu-

311 3363 424 3415 lum
467 3377 645 3416 meum
676 3363 860 3420 Israel.
895 3363 963 3419 Et
989 3365 1274 3422 aediﬁcavit
1304 3365 1526 3422 Salomo
1555 3371 1777 3424 domum
1823 3382 1877 3426 et

313 3450 541 3518 perfecit
591 3466 735 3506 eam.
765 3453 898 3518 Alii,
931 3465 985 3508 et
1017 3455 1218 3510 factum
1277 3467 1360 3511 est
1402 3460 1624 3514 verbum
1675 3461 1890 3516 Domini

313 3541 381 3595 ad
419 3540 769 3596 Salomonem
801 3543 1260 3602 dicenszbomus’
1297 3549 1430 3616 haec,
1466 3567 1628 3618 quam
1664 3562 1718 3608 tu
1766 3555 1898 3608 aedi-

313 3633 467 3696 ﬁcas,
501 3632 550 3687 si
589 3632 958 3690 ambulaveris
993 3634 1046 3688 in
1079 3637 1350 3693 mandatis
1395 3644 1556 3702 meis,
1598 3651 1652 3696 et
1687 3644 1893 3712 judicia

311 3740 433 3778 mea
477 3723 694 3790 feceris,
731 3735 786 3780 et
835 3727 1162 3782 custodieris
1200 3729 1384 3785 omnia
1439 3742 1706 3801 praecepta
1751 3751 1894 3801 mea,

315 3816 385 3870 ad
419 3817 750 3871 versandum
801 3817 856 3872 in
893 3818 1013 3884 eis;
1075 3825 1312 3874 statuam
1370 3837 1680 3878 sermonem
1711 3841 1895 3880 meum

312 3917 475 3976 quem
510 3907 724 3964 loculus
753 3924 874 3964 sum
912 3909 976 3963 ad
1010 3909 1178 3964 David
1221 3921 1429 3981 patrem
1463 3922 1642 3968 tuum.
1670 3915 1735 3970 Et
1787 3918 1888 3972 ha-

313 3998 506 4054 bitabo
541 4000 598 4054 in
635 4000 816 4056 medio
864 4002 1101 4056 ﬁliorum
1161 4003 1360 4070 Israel,
1398 4014 1451 4060 et
1483 4021 1592 4061 non
1653 4007 1892 4064 derelin-

311 4107 474 4162 quam
535 4093 792 4162 populum
829 4109 1012 4150 meum
1052 4093 1240 4150 Israel.
1274 4094 1342 4150 Et
1373 4095 1660 4152 aediﬁcavit
1713 4099 1870 4156 Salo-

382 4217 474 4306 15.
505 4251 578 4306 Η.
610 4251 1070 4323 Contignationis.
1097 4251 1166 4306 Α.
1189 4251 1252 4307 S.
1283 4253 1381 4310 Th.
1412 4271 1588 4327 usque
1635 4259 1702 4312 ad
1746 4259 1992 4314 domum.

315 4366 554 4420 ctitatem
583 4368 956 4423 sanctitatum.
994 4369 1056 4421 Α.
1094 4366 1155 4422 S.
1182 4367 1248 4421 Et
1274 4367 1566 4424 aediﬁcavit
1594 4369 1699 4424 sibi
1741 4371 1886 4425 intra

317 4459 592 4536 articulum
646 4459 728 4530 (S.
785 4459 1020 4514 interius
1073 4459 1308 4532 oraculi)
1386 4462 1710 4517 sanctiﬁcati
1761 4479 1892 4517 san-

315 4550 694 4606 ctiﬁcatorum.
744 4548 832 4622 (S.
860 4549 918 4604 In
946 4559 1198 4608 sanctum
1225 4554 1587 4626 sanctorum).
1615 4553 1787 4608 LXX.
1815 4553 1882 4608 Et

312 4781 430 4819 κοσι
457 4763 648 4834 πηχῶν
687 4763 880 4834 μῆκος,
934 4763 1027 4818 καὶ
1069 4755 1252 4818 ⁴εἴκοσι
1310 4765 1502 4836 πηχῶν
1535 4765 1757 4830 πλάτος,
1797 4767 1896 4819 καὶ

311 4855 484 4912 εἴκοςι
523 4854 710 4926 πηχῶν
773 4855 1063 4927 ἀνάστημα
1120 4856 1307 4922 αὐτοῦ,
1369 4858 1464 4911 καὶ
1502 4857 1892 4928 περιεπήλισεν

311 4946 443 4998 αὐτὸ
469 4947 674 5017 χρυσίῳ
706 4946 1067 5017 ἀποκλείστῳ.
1115 4947 1171 4998 Σ.
1230 4943 1282 5017 μ’
1314 4947 1506 5018 πηχῶν
1549 4943 1618 5019 ἦν
1669 4948 1697 4999 6
1745 4944 1892 5010 οἶκος

310 5037 474 5100 αὐτὸς
500 5040 531 5091 6
551 5037 676 5100 ναὸς
710 5039 738 5091 ὁ
761 5037 1054 5103 ὲσὼτατος,
1108 5039 1204 5092 καὶ
1241 5037 1329 5091 διὰ
1363 5039 1554 5110 κέδρου
1607 5038 1743 5108 πρὸς
1798 5037 1891 5090 τὸν

311 5124 458 5182 οἷκον
494 5129 603 5181 ἔσω
634 5128 862 5200 πλοκὴν,
893 5129 1264 5192 ἐπανάστασις
1287 5132 1380 5184 καὶ
1401 5129 1609 5184 πέταλα
1631 5131 1725 5184 καὶ
1760 5130 1891 5183 ἀνά-

312 5220 494 5290 γλυφα
525 5221 704 5278 πάντα.
735 5221 977 5300 κέδριγα,
1005 5223 1103 5275 οὐκ
1126 5223 1378 5292 ἐφαίνετο
1409 5222 1554 5286 λίθος
1577 5238 1590 5252 ⁸
1629 5224 1722 5276 καὶ
1760 5239 1896 5294 χρη-

316 5313 669 5384 ματιστήριον
699 5313 757 5366 ὲν
791 5313 941 5384 μέσῳ
963 5313 1057 5366 τοῦ
1084 5313 1234 5370 οἴκου
1266 5313 1372 5367 ἔσω
1397 5314 1712 5385 ἡτοίμασεν,
1753 5313 1894 5367 ὥστε

311 5402 534 5473 τεθῆναι
561 5405 680 5456 ἐκεῖ
702 5405 800 5474 τὴν
827 5403 1060 5456 κιϐωτὸν
1083 5404 1182 5475 τῆς
1213 5404 1478 5474 διαθήκης
1519 5403 1725 5474 Κυρίου
1749 5419 1762 5433 ·
1799 5403 1894 5457 καὶ

313 5493 620 5564 ἔμπροσθεν
662 5493 756 5548 τοῦ
785 5495 1254 5568 χρηματιστηρῑου
1284 5502 1332 5550 κ’
1358 5495 1550 5568 πηχῶν
1587 5496 1792 5568 μῆκος,
1845 5496 1896 5549 κ’

309 5585 367 5637 δὲ
391 5585 583 5656 πηχῶν
609 5585 830 5652 πλάτος,
861 5589 956 5640 καὶ
979 5593 1026 5640 κ’
1053 5587 1243 5657 πηχῶν
1268 5587 1422 5656 ὖψος,
1453 5581 1547 5641 καὶ
1579 5587 1890 5660 περιεπήλι-

313 5693 404 5729 σεν
427 5677 558 5730 αὐτὸ
606 5677 812 5749 χρυσίῳ
846 5678 1094 5749 δοκιμίῳ.
1149 5681 1225 5732 0'.
1259 5680 1368 5732 Καὶ
1431 5686 1481 5749 μ’
1507 5675 1574 5751 ἦν
1619 5680 1889 5748 πήχεωνὸ

311 5764 458 5832 οἶκος
479 5770 660 5832 αὐτὸς,
689 5772 718 5824 6
741 5770 867 5833 ναὸς
901 5771 928 5826 ὁ
957 5769 1246 5834 ἐσώτατος,
1287 5771 1379 5824 καὶ
1411 5770 1499 5823 διὰ
1533 5770 1723 5839 κέδρου
1755 5769 1889 5838 πρὸς

311 5859 402 5917 τὸν
428 5857 574 5914 οἷκον
601 5859 710 5916 ἔσω
735 5861 958 5938 πλοκὴν,
1001 5863 1388 5926 ἐπανάστασις,
1423 5862 1516 5915 καὶ
1547 5857 1752 5919 πέταλα
1799 5861 1890 5916 καὶ

1997 3295 2124 3334 mon
2159 3281 2403 3349 domum,
2437 3293 2491 3339 et
2517 3284 2919 3341 consummavit
2949 3299 3089 3338 eam.
3127 3282 3280 3352 Vulg.
3311 3282 3378 3337 Et.
3404 3282 3578 3340 factus

2005 3382 2090 3427 est
2120 3389 2301 3430 sermo
2330 3375 2547 3431 Domini
2575 3378 2643 3432 ad
2701 3375 3048 3431 Salomonem
3098 3375 3320 3430 dicens:
3374 3374 3578 3428 Domus

2003 3464 2143 3530 haec,
2181 3481 2344 3536 quam
2381 3467 2642 3536 aediﬁcas,
2703 3467 2747 3522 si
2789 3466 3156 3522 ambulaveris
3193 3466 3248 3520 in
3293 3466 3579 3536 praaceptis

2003 3557 2163 3618 meis,
2202 3567 2255 3611 et
2276 3557 2481 3626 judicia
2521 3575 2640 3614 mea
2695 3560 2911 3623 feceris,
2943 3568 2999 3613 et
3041 3557 3364 3612 custodieris
3393 3558 3576 3610 omnia

1999 3647 2254 3703 mandata
2291 3666 2432 3718 mea,
2460 3635 2716 3721 gradiens
2745 3667 2840 3722 per
2867 3667 2928 3706 ea
2951 3669 2966 3717 ;
3011 3650 3242 3704 ﬁrmabo
3269 3664 3578 3704 sermonem

2001 3753 2186 3792 meum
2221 3741 2340 3805 tibi,
2372 3759 2534 3812 quem
2581 3747 2797 3799 locutus
2850 3760 2970 3800 sum
3026 3743 3092 3796 ad
3152 3743 3316 3798 David
3365 3753 3576 3812 patrem

1961 3887 1966 3892 _
2012 3839 2190 3882 tuum.
2223 3829 2288 3882 Et
2322 3831 2583 3888 habitabo
2615 3835 2669 3887 in
2698 3836 2880 3890 medio
2909 3835 3146 3888 ﬁliorum
3173 3834 3359 3900 lsrael,
3387 3845 3442 3890 et
3471 3851 3580 3888 non

2003 3918 2382 3989 derelinquam
2416 3924 2676 3993 populum
2719 3941 2900 3979 meum
2927 3925 3114 3979 Israel.
3146 3926 3317 3994 Igitur
3337 3925 3581 3978 aediﬁca-

2010 4009 2092 4065 vit
2128 4010 2388 4068 Salomon
2419 4016 2665 4080 domum,
2707 4027 2761 4071 et
2786 4007 3185 4071 corisummavit
3217 4031 3360 4070 eam.

2025 4260 2200 4315 LXX.
2235 4277 2410 4333 usque
2433 4262 2500 4316 ad
2537 4263 2738 4318 trabes.
2783 4263 2937 4335 Vulg.
2967 4279 3140 4333 usque
3173 4265 3240 4318 ad
3273 4263 3580 4333 laquearia.

2000 4371 2130 4428 fecit
2153 4390 2183 4428 a
2211 4373 2377 4428 Dabir
2403 4374 2458 4428 in
2485 4381 2736 4429 sanctum
2765 4384 3103 4430 sanctorum.
3128 4374 3224 4428 Th.
3247 4375 3310 4429 Et
3327 4375 3454 4429 fecit
3477 4375 3580 4430 sibi

2001 4465 2144 4520 intra
2169 4466 2330 4522 Dabir
2359 4468 2410 4520 in
2460 4475 2710 4522 sanctum
2757 4477 3092 4522 sanctorum.
3147 4467 3302 4538 Vulg.
3343 4467 3408 4519 Et
3453 4466 3582 4521 fecit

2002 4558 2318 4613 interiorem
2346 4560 2570 4613 domum
2619 4561 2826 4614 oraculi
2863 4560 2918 4614 in
2949 4569 3200 4614 sanctum
3237 4571 3576 4614 sanctorum.

2003 4771 2175 4818 retur.
2213 4761 2280 4815 Et
2331 4761 2615 4816 oraculum
2652 4762 2706 4816 in
2761 4763 2940 4818 medio
2997 4761 3193 4818 domus
3237 4761 3574 4846 intrinsecus

2002 4855 2238 4925 paravit,
2272 4854 2337 4908 ad
2362 4853 2598 4908 dandam
2639 4854 2711 4908 ibi
2760 4870 2942 4908 arcam
2989 4853 3213 4908 fcederis
3241 4854 3477 4907 Domini.
3516 4853 3583 4906 Et

2001 4947 2070 5002 ad
2118 4946 2310 5000 faciem
2348 4946 2558 5000 oraculi
2591 4946 2783 5015 viginti
2833 4946 3143 5000 cubitorum
3185 4945 3490 5014 longitudo,
3522 4955 3578 4998 et

2000 5035 2191 5107 viginti
2216 5034 2528 5090 cubitorum
2557 5035 2808 5096 latitudo,
2841 5045 2898 5088 et
2921 5035 3112 5104 viginti
3150 5034 3457 5092 cubitorum
3507 5035 3582 5086 al-

1999 5126 2176 5179 titudo
2206 5123 2325 5193 ejus
2353 5141 2366 5176 :
2409 5131 2463 5176 et
2495 5123 2726 5178 obduxit
2749 5123 2882 5177 illud
2913 5138 3050 5177 auro
3079 5121 3312 5177 incluso.
3343 5121 3402 5176 S.
3431 5122 3582 5187 Qua-

1999 5216 2251 5287 draginta
2279 5215 2592 5271 cubitorum
2622 5225 2740 5270 erat
2762 5215 2959 5269 domus
2987 5215 3165 5284 ipsum
3198 5214 3462 5284 templum
3491 5217 3577 5268 in-

1999 5309 2194 5364 timum
2221 5327 2235 5364 :
2267 5317 2322 5362 et
2350 5323 2416 5363 ex
2444 5309 2608 5362 cedro
2639 5309 2704 5362 ad
2738 5307 2961 5362 domum
2997 5306 3248 5382 intimam
3284 5307 3580 5378 complica-

1996 5403 2202 5457 tionem
2228 5419 2240 5431 ·
2273 5401 2524 5465 altitudo,
2575 5411 2628 5456 et.
2681 5402 2920 5468 laminae,
2959 5409 3014 5457 et
3048 5402 3342 5472 sculptura:
3372 5417 3568 5456 omnes

1996 5492 2253 5558 cedrinaa,
2284 5507 2392 5547 non
2422 5494 2719 5561 apparebat
2755 5493 2896 5561 lapis
2924 5512 2936 5547 :
2967 5501 3021 5548 et
3044 5492 3326 5549 oraculum
3363 5494 3416 5545 in
3451 5507 3574 5544 me-

1996 5587 2088 5641 dio
2117 5586 2312 5640 domus
2343 5583 2619 5640 interioris
2649 5587 2881 5655 paravit,
2921 5595 2980 5638 ut
3005 5593 3297 5654 poneretur
3329 5583 3400 5638 ibi
3438 5597 3570 5635 arca

1996 5675 2310 5734 testamenti
2343 5673 2577 5734 Domini.
2629 5687 2684 5732 et
2716 5687 2844 5732 ante
2897 5677 3204 5739 oraculum,
3233 5673 3330 5729 KX
3359 5673 3582 5727 cubito-

1995 5785 2118 5824 rum
2180 5767 2485 5838 longitudo,
2513 5765 2612 5819 ΚΧ
2665 5767 2975 5822 cubitorum
3013 5766 3259 5829 latitudo,
3295 5771 3348 5818 et
3379 5761 3582 5828 viginti

1999 5861 2307 5918 cubitorum
2341 5857 2592 5922 altitudo,
2633 5865 2688 5912 et
2718 5857 3102 5913 circumlinivil
3137 5853 3268 5907 illud
3297 5867 3428 5912 auro
3452 5867 3582 5924 prec
