4118 6438
479 406 580 493 im
1641 445 1768 501 LIB.
1812 447 1876 503 ιιι
1918 449 2157 506 REGUM
2196 447 2425 504 CAPUT
2466 449 2606 503 xw.

3603 449 3700 502 ιιι

1542 559 1795 620 CAPUT
1856 561 1975 620 XII
2036 562 2184 622 LIB‘.
2245 562 2330 621 Ill
2383 560 2683 622 REGUM.

792 657 1187 716 ΣΥΜΜΑΧΟΣ.

550 818 734 890 10.1?)
787 821 1143 890 σμικρότατόν
1197 836 1298 889 μου
1341 819 1500 890 μέλος

2072 669 2144 719 0'.

2991 663 3384 718 ΘΕΟΔΟΤΙΩΝ.

1643 822 1727 904 1οε
1780 842 1834 904 η,
1867 825 2128 904 μικρρτης
2183 842 2282 904 μου
2328 825 2605 895 παχυτέρα
2751 826 2836 883 10.
2931 890 2938 895 θ

477 889 772 958 παχύτερον
799 890 895 958 τῆς
923 889 1122 958 ὀσφύος
1164 890 1256 943 τοῦ
1294 889 1500 959 πατρός
1570 891 1670 960 τῆς
1701 889 1900 960 ὀσφύος
1936 889 2030 946 τοῦ
2056 889 2260 966 πατρός
2297 889 2420 964 μου.

479 975 604 1026 μου.

776 1121 1211 1178 SYMMACHUS.

547 1216 630 1269 10.
665 1215 940 1269 Minimum
972 1217 1271 1270 membrum
1320 1230 1500 1271 meum

476 1287 716 1357 grossius
741 1295 822 1339 cst
846 1287 1028 1340 lumbo
1053 1285 1221 1355 patris
1250 1287 1376 1340 mei.
1573 1289 1740 1354 patris
1769 1287 1890 1342 mei.

1748 1125 1886 1178 LXX
1927 1125 2422 1184 INTERPRETES.

1642 1215 1726 1269 10.
1762 1217 2004 1273 Parvitas
2027 1235 2142 1274 mea
2166 1222 2399 1276 crassior
2420 1223 2602 1277 lumuo
2745 1224 2829 1278 10.

3001 1130 3411 1188 ἸἹιΕΟῡΟΤΙΟ.

1991 1519 2168 1580 Nota.

475 1632 716 1692 sumptas
747 1621 1082 1677 exhibemus.

1512 1803 1762 1866 CAPUT
1813 1804 1960 1866 XIII
2020 1804 2166 1876 LIB.
2230 1802 2314 1863 ΙΙΙ
2351 1801 2648 1864 REGUM.

488 1925 601 1978 ριος
632 1907 709 1977 τῷ
729 1907 919 1970 λέοντι,
962 1908 1052 1961 xal
1076 1905 1386 1976 συνέτριψεν
1416 1907 1577 1960 αὐτὸν
1597 1949 1611 1971 ,
1656 1909 1748 1960 καὶ
1777 1907 2044 1960 ἐθανάτω-

479 2017 568 2052 σεν
603 1999 781 2062 αὑτὸν,
831 2000 970 2052 κατὰ
1005 1998 1064 2051 τὸ
1097 1998 1246 2068 ῥῆμα
1276 1996 1498 2068 Κυρίου,
1530 1998 1557 2050 ὃ
1590 1997 1846 2069 ἐλάλησεν
1872 1997 2039 2066 αὐτῷ.

2152 1904 2386 1960 Sternite
2416 1907 2546 1960 mihi
2574 1907 2791 1961 asinum
2824 1927 2835 1960 :
2869 1918 2922 1963 et
2971 1917 3294 1963 straverunt.
3328 1907 3448 1964 ναι.
3485 1911 3552 1964 Et
3583 1917 3664 1963 tra

2147 1995 2281 2050 didit
2302 2011 2426 2050 eum
2467 1993 2728 2052 Dominus
2757 1998 2920 2061 leoni,
2968 2007 3022 2052 et
3059 1998 3326 2067 confregit
3359 2015 3502 2065 eum,
3526 2007 3580 2054 et
3607 2016 3672 2054 oc

476 2089 585 2142 Kal
621 2089 848 2160 ἐλάλησε
890 2087 1027 2160 πρὸς
1062 2089 1209 2153 υἱοὺς
1255 2085 1435 2142 αὐτοῦ.
1485 2087 1802 2153 Ἐπισὰξατέ
1837 2106 1926 2160 μοι
1955 2089 2026 2141 τοι

2149 2085 2282 2172 cidit
2306 2103 2451 2150 eum,
2479 2089 2630 2157 juxta
2655 2089 2879 2143 verbum
2920 2089 3155 2155 Domini,
3201 2089 3346 2160 quod
3380 2091 3593 2145 locutus
3615 2098 3690 2144 est

472 2175 616 2232 ὄνον.
646 2179 755 2230 Kal
784 2176 1070 2243 ἐπέσαξαν.

467 2489 844 2547 desumuntur.

2139 2179 2209 2232 ei.
2243 2177 2492 2247 Dixitque
2539 2179 2604 2234 ad
2635 2178 2775 2234 ﬁlios
2808 2195 2958 2244 suos,
3009 2179 3242 2236 Sternite
3267 2181 3398 2235 mihi
3431 2182 3666 2238 asinum.

2142 2273 2246 2340 Qui
2277 2290 2399 2330 cum
2435 2276 2775 2331 stravissent.

1982 2394 2161 2455 Nota.

1515 2672 1785 2734 CAPUT
1829 2675 1975 2736 XIV
2003 2675 2151 2737 LIB.
2213 2678 2299 2738 Ill
2330 2676 2630 2739 REGUM.

463 2774 780 2846 ὴρῤὠστησε
804 2774 865 2827 τὺ
894 2775 1172 2846 παιδάριον
1215 2773 1516 2846 Ἰεροϐοὰμ,
1550 2775 1645 2828 καὶ
1683 2777 1836 2846 Ἀχιὰ
1873 2773 1942 2848 ἦν
1976 2778 2034 2830 ὲν

465 2861 636 2934 Σηλὼ,
673 2859 784 2925 υἱὸς
814 2862 855 2927 ξ’
895 2863 1052 2928 ἐτῶν,
1085 2863 1178 2917 καὶ
1234 2865 1385 2936 ρῆμα
1434 2864 1637 2936 Κυρίου
1677 2867 1795 2935 μετ’
1825 2867 1987 2919 αὐτοῦ
2017 2885 2031 2898 ο

464 2955 608 3006 καὶὸ
643 2953 923 3023 ἄνθρωπος
973 2954 1358 3026 πρεσϐύτερος,
1409 2956 1500 3008 καὶ
1548 2953 1815 3027 ὀφθαλμοὶ
1868 2959 2032 3011 αὑτοῦ

461 3043 846 3115 ὴμὸλυὼπουν.

463 3264 529 3330 ἶ(
562 3261 874 3333 βασιλεῦσαι
901 3264 992 3316 ἐπὶ
1017 3264 1109 3317 τὸν
1129 3263 1254 3318 λαὸν
1278 3263 1486 3318 τοῦτον.
1519 3266 1766 3332 Ἄλλως,
1797 3267 1890 3320 καὶ
1915 3262 2034 3321 εἷπε

460 3355 594 3424 πρὸς
635 3355 770 3407 ’Λνὼ
790 3359 888 3424 τὴν
931 3359 1162 3423 γυναῖκα
1198 3357 1360 3410 αὑτοῦ
1382 3373 1396 3387 °
1443 3358 2031 3430 ’Λνάστηθι,πορεύου,

463 3443 804 3515 ἐπερώτησον
830 3445 920 3496 τὸν
950 3447 1081 3498 Θεὸν
1116 3449 1242 3517 περὶ
1275 3449 1366 3499 τοῦ
1397 3449 1704 3519 παιδαρίου,
1737 3451 1785 3501 εἰ
1811 3451 2034 3521 ζήσεται

463 3533 528 3584 ὲκ
541 3531 638 3602 τῆς
660 3532 965 3601 ἀρρωστίας
987 3535 1170 3587 αὐτοῦ.
1203 3539 1312 3589 Kal
1331 3538 1426 3590 ἀνθ
1435 3555 1612 3608 ρωπος
1638 3536 1706 3610 ἦν
1731 3542 1788 3593 ἐν
1807 3541 2025 3612 Σηλὼμ,

463 3623 556 3678 καὶ
585 3623 753 3692 ὄνομα
785 3623 929 3692 αὐτῷ
968 3625 1140 3693 Ἀχιὰ,
1175 3629 1270 3678 καὶ
1299 3622 1452 3689 οὗτος
1490 3625 1557 3698 ἦν
1607 3629 1718 3693 υἱὸς
1763 3631 2023 3702 ἐξήκοντα

461 3715 619 3779 ἑτῶν,
651 3714 742 3768 καὶ
775 3716 925 3785 ῥῆμα
950 3716 1154 3786 Κυρίου
1181 3717 1298 3786 μετ’
1330 3717 1515 3771 αὐτοῦ.

2138 2780 2326 2847 Aliter,
2357 2791 2410 2837 et
2439 2778 2718 2851 aegrotavit
2739 2789 2874 2846 puer
2900 2774 3209 2843 Jeroboam,
3234 2785 3287 2832 et
3301 2776 3468 2832 Achia
3498 2785 3616 2832 erat
3638 2777 3691 2830 in

2141 2877 2286 2940 Seio,
2325 2875 2468 2929 illius
2499 2869 2776 2938 sexaginta
2819 2880 3110 2933 annorum,
3149 2876 3206 2922 et
3229 2868 3450 2921 verbum
3480 2867 3690 2921 Domini

2132 2973 2259 3024 cum
2294 2982 2360 3022 eo
2388 2982 2402 3017 :
2430 2975 2483 3019 et
2518 2964 2683 3017 liomo
2715 2960 2918 3025 senior,
2961 2968 3014 3014 et
3040 2959 3180 3014 oculi
3219 2961 3339 3030 ejus
3365 2960 3690 3031 caligabant.

2146 3059 2298 3130 Vulg.
2349 3059 2408 3110 In
2460 3064 2702 3123 tempore
2750 3049 2843 3105 illo
2873 3052 3153 3120 mgrotavit
3187 3049 3322 3105 Abia
3361 3052 3503 3106 ﬁlius
3550 3050 3694 3106 Jero—

2131 3152 2312 3208 boam.

2134 3269 2327 3334 Aliter,
2355 3275 2410 3321 et
2433 3266 2572 3322 dixit
2605 3266 2670 3320 ad
2698 3267 2816 3318 Ano
2843 3275 3070 3317 uxorem
3105 3275 3260 3315 suam
3283 3278 3297 3314 :
3319 3257 3508 3330 Surge,
3531 3258 3688 3322 vade,

2133 3361 2404 3430 interroga
2435 3358 2600 3413 Deum
2653 3357 2799 3412 circa
2831 3369 3082 3424 puerum,
3127 3352 3173 3407 si
3203 3353 3342 3406 vivet
3368 3367 3434 3404 ex
3470 3351 3690 3405 intimii-

2132 3464 2239 3509 tate
2277 3469 2395 3508 sua.
2436 3450 2502 3505 Et
2551 3451 2715 3504 homo
2745 3457 2865 3504 erat
2921 3449 2975 3503 in
3033 3445 3239 3512 Selom,
3299 3453 3355 3498 et
3409 3458 3604 3498 nomen
3640 3443 3687 3496 ei

2131 3546 2324 3608 Achia,
2364 3553 2417 3600 et
2442 3545 2529 3598 hic
2555 3551 2671 3597 erat
2694 3541 2836 3597 illius
2871 3540 3148 3610 sexaginta
3177 3550 3464 3598 annorum,
3495 3543 3550 3588 et
3569 3547 3689 3588 ver—

2131 3636 2260 3690 bum
2318 3633 2530 3687 Domini
2574 3647 2698 3686 cum
2751 3646 2836 3686 eo.
2891 3628 3039 3699 Vulg.
3108 3626 3359 3694 Dixitque
3401 3623 3686 3679 Jeroboam

2130 3726 2288 3780 uxori
2315 3740 2428 3779 suae
2452 3743 2464 3778 :
2507 3725 2698 3793 Surge,
2723 3732 2778 3778 et
2805 3728 3081 3777 commuta
3105 3719 3370 3782 habitum,
3394 3732 3460 3770 ne
3489 3731 3690 3785 cogno-

2129 3816 2302 3872 scaris
2349 3813 2493 3883 quod
2529 3815 2604 3868 sis
2635 3829 2770 3867 uxor
2797 3811 3086 3867 Jeroboam
3119 3827 3134 3865 :
3177 3820 3231 3863 et
3277 3808 3413 3863 vade
3451 3807 3505 3861 in
3532 3803 3686 3870 Silo,

461 3911 552 3965 ubi
578 3921 660 3967 est
685 3910 854 3985 Ahias
888 3913 1168 3982 prapheta,
1199 3913 1291 3982 qui
1330 3913 1544 3968 locutus
1569 3920 1651 3968 est
1688 3913 1842 3976 mihi,
1867 3912 2013 3983 quod
2055 3916 2378 3980 regnaturus
2405 3919 2579 3960 essem
2609 3917 2772 3973 super
2794 3902 3050 3972 populum
3083 3901 3248 3954 hunc.

463 4028 528 4093 λ(
559 4025 719 4088 αὐτὸς
743 4025 1033 4093 ἀναγγελεῖ
1086 4026 1238 4078 σοιτί
1261 4025 1412 4080 ἔσται
1437 4026 1515 4096 τῷ
1535 4026 1752 4097 παιδίῳ.
1779 4028 2024 4091 Ἄλλως,

459 4117 552 4170 καὶ
580 4113 730 4170 εἶπεν
773 4117 1052 4188 Ἱεροόοὰμ
1076 4117 1212 4188 πρὸς
1232 4118 1330 4188 τὴν
1358 4122 1588 4186 γυναῖκα
1619 4117 1781 4172 αὐτοῦ
1805 4135 1818 4148 ·
1869 4118 2025 4170 Ἀνά-

462 4205 635 4277 στηθι,
675 4204 768 4257 καὶ
796 4204 926 4258 λάϐε
955 4206 1034 4266 εἰς
1057 4204 1154 4274 τὴν
1182 4205 1340 4274 χεῖρά
1379 4221 1472 4257 σου
1509 4204 1585 4275 τῷ
1621 4203 1888 4275 ἀνθρώπῳ
1931 4201 2024 4253 τοῦ

457 4295 588 4348 Θεοῦ
617 4295 832 4366 ἄρτους,
881 4297 974 4348 καὶ
1021 4294 1280 4366 κολλύρια
1317 4299 1428 4359 τοῖς
1457 4296 1668 4360 τέκνοις
1690 4293 1887 4349 αὐτοῦ’
1931 4293 2025 4348 καὶ

459 4385 731 4457 σταφυλὴν
758 4387 850 4439 xal
874 4386 1106 4457 στάμνον
1140 4387 1372 4456 μέλιτος.

459 4589 523 4654 Χ
561 4586 649 4656 μοὶ
671 4585 833 4638 αὑτοῦ
883 4585 990 4638 ἀπὸ
1027 4581 1118 4638 τοῦ
1156 4585 1337 4658 γήρως
1385 4585 1571 4639 αὐτοῦ.
1629 4588 1881 4654 Ἀλλως,
1930 4589 2024 4641 καὶ

457 4677 651 4746 ἀνέστη
681 4679 714 4747 ἡ
737 4677 892 4747 γυνὴ,
920 4676 1012 4728 καὶ
1039 4676 1226 4729 ἐλαϐεν
1264 4679 1343 4739 εἰς
1381 4678 1479 4746 τὴν
1526 4677 1682 4748 χεῖρα
1711 4679 1880 4748 αὐτῆς
1925 4680 2023 4750 ἄρ-

454 4783 578 4828 τους
609 4766 816 4819 καὶδύο
841 4765 1097 4835 κολλύρια
1125 4806 1140 4830 ,
1182 4765 1276 4818 καὶ
1331 4765 1624 4836 σταφυλὴν,
1661 4767 1753 4820 καὶ
1788 4769 2020 4838 στάμνον

459 4857 672 4927 μέλιτος
697 4858 773 4926 τῷ
801 4856 974 4926 Ἀχιά.
1004 4856 1114 4908 Kal
1143 4857 1171 4907 ὁ
1209 4855 1494 4926 ἄνθρωπος
1518 4856 1904 4928 πρεσϐύτερος,
1929 4860 2023 4912 καὶ

381 4939 384 4942 ’
455 4950 504 5000 οἱ
529 4947 792 5018 ὀφθαλμοὶ
823 4945 984 4999 αὐτοῦ
1005 4945 1372 5016 ὴμϐλυὼπουν
1391 4945 1483 5000 τοῦ
1511 4945 1656 5001 ἰδεῖν.
1689 4949 1798 5001 Kal
1822 4947 2021 5019 ἀνέστη

457 5041 520 5091 ἐκ
549 5037 772 5109 Σαριρά,
803 5038 898 5090 xal
929 5037 1239 5107 πορεύεται.

453 5266 520 5332 χ(
551 5262 643 5316 καὶ
666 5261 804 5315 κατὰ
826 5258 983 5315 τοῦτο
1017 5260 1268 5331 λαλήσεις
1289 5260 1422 5330 πρὸς
1443 5260 1631 5332 αὐτήν.
1663 5260 1772 5315 Kal
1797 5263 2017 5330 ἐγένετο

453 5361 517 5423 3&1
553 5356 608 5408 ὲν
632 5351 708 5424 τῷ
744 5351 1084 5424 εἰσέρχεσθαι
1115 5353 1306 5424 αὐτὴν,
1356 5353 1448 5405 xal
1498 5352 1636 5423 αὑτὴ
1673 5351 2015 5418 ἀπεξενοῦτο.

453 5448 676 5511 Ἄλλως
703 5485 717 5509 ,
747 5445 843 5498 καὶ
877 5444 1092 5512 ἐγένετο
1123 5443 1381 5512 ἐλθούσης
1411 5443 1580 5513 αὐτῆς
1615 5445 1694 5507 εἰς
1734 5446 1833 5515 τὴν
1866 5443 2020 5498 πόλιν

448 5539 583 5607 πρὸς
627 5537 783 5607 Ἀχιὰ
812 5535 904 5588 τὸν
933 5533 1259 5606 Σηλωνίτην,
1284 5535 1378 5588 καὶ¹
1399 5535 1554 5588 εἶπεν
1609 5534 1762 5604 Ἀχιὰ
1789 5533 1866 5605 τῷ
1902 5551 2020 5587 παι-

445 5625 614 5697 δαρίῳ
644 5625 830 5689 αὑτοῦ,
847 5625 1068 5690 Ἔξελθε
1085 5625 1149 5697 δὴ
1176 5627 1254 5688 εἰς
1276 5625 1518 5695 ἀπαντὴν
1553 5625 1690 5677 Ἀνὼ
1715 5628 1781 5696 τῇ
1799 5625 2016 5692 γυναικὶ

458 5717 757 5787 Ἱεροϐοὰμ,
785 5717 880 5769 καὶ
910 5718 1054 5787 ἐρεῖς
1083 5716 1240 5784 αὐτῇο
1272 5713 1493 5767 Εἰσελθε
1524 5714 1617 5766 καὶ
1653 5715 1728 5783 μὴ
1756 5716 1908 5783 στῆς.

2112 4021 2194 4086 _ad
2221 4033 2441 4074 uxorem
2494 4033 2685 4073 suam:
2740 4016 2932 4086 Surge,
2983 4023 3036 4069 et
3087 4013 3270 4081 accipe
3297 4013 3350 4066 in
3394 4025 3561 4064 manu
3594 4017 3683 4062 tua

2129 4111 2337 4165 homini
2367 4108 2457 4163 Dei
2487 4124 2676 4178 panes,
2700 4117 2752 4160 et
2780 4105 3072 4177 collyridas
3100 4104 3225 4160 [iliis
3248 4103 3389 4172 ejus,
3425 4110 3480 4154 et
3503 4115 3684 4164 uvam,

2126 4213 2182 4259 et
2205 4219 2301 4258 vas
2322 4202 2515 4256 mellis.
2566 4193 2717 4270 Vulg.
2747 4199 2900 4254 Tolle
2930 4212 3150 4268 quoque
3183 4196 3238 4250 in
3293 4209 3457 4248 manu
3485 4201 3578 4248 tua
3601 4194 3688 4247 dc-

2123 4311 2239 4351 cem
2271 4310 2456 4365 panes,
2483 4303 2537 4349 et
2560 4293 2884 4353 crustulam,
2914 4299 2968 4346 et
2997 4305 3098 4344 vas
3147 4288 3345 4350 mellis,
3377 4297 3432 4342 et
3455 4285 3591 4340 vade
3616 4285 3683 4338 ad

2127 4387 2278 4440 illum
2311 4400 2327 4439 :
2363 4387 2504 4456 .ipse
2551 4386 2697 4438 enim
2729 4383 2991 4438 indicabit
3036 4382 3158 4448 tibi,
3203 4379 3334 4451 quid
3363 4387 3682 4435 eventurum

2123 4481 2196 4536 sit
2226 4496 2393 4551 puero
2421 4479 2566 4546 huic.

2105 4593 2228 4662 ‘psit
2257 4593 2308 4646 in
2342 4608 2505 4646 manu
2535 4607 2632 4646 sua
2663 4606 2850 4662 panes,
2873 4587 3397 4659 etduas'collyridas,
3421 4596 3474 4642 et
3496 4602 3683 4648 uvam,

2125 4693 2180 4739 et
2207 4700 2303 4738 vas
2334 4684 2512 4738 mellis
2546 4683 2648 4753 ipsi
2701 4683 2871 4736 Achia
2897 4701 2910 4736 :
2947 4691 3001 4737 et
3031 4682 3196 4735 homo
3223 4681 3423 4744 senior,
3457 4688 3510 4731 et
3537 4678 3681 4732 oculi

2125 4778 2243 4847 ejus
2274 4776 2578 4846 caligabunt
2605 4775 2670 4828 ad
2699 4774 3011 4828 videndum.
3039 4771 3104 4826 Et
3127 4771 3362 4826 surrexit
3387 4771 3452 4824 de
3476 4769 3682 4828 Sarira.

2121 4879 2175 4925 et
2201 4869 2368 4924 vadit.
2402 4865 2734 4936 Vulg.Fecit,
2759 4874 2818 4918 ut
2842 4865 3072 4924 dixerat,
3106 4880 3242 4917 uxor
3270 4862 3555 4916 Jeroboam
3586 4877 3599 4913 :
3631 4871 3684 4914 et

2123 4975 2463 5030 consurgens
2487 4958 2619 5011 abiit
2645 4958 2697 5010 in
2725 4957 2856 5020 Silo,
2893 4969 2946 5010 et
2975 4955 3123 5009 venit
3151 4955 3204 5008 in
3234 4957 3455 5008 domum
3480 4952 3628 5006 Ahim
3666 4971 3679 5005 :

2122 5061 2178 5106 at
2202 5053 2292 5106 ille
2315 5067 2422 5105 non
2456 5058 2666 5126 poterat
2708 5048 2910 5112 videre,
2959 5047 3087 5117 quia
3121 5046 3488 5116 caligaverant
3540 5045 3684 5097 oculi

2112 5143 2233 5213 ejus
2265 5159 2374 5214 pra:
2402 5150 2701 5197 senectute.

2117 5262 2186 5329 Χ
2237 5260 2446 5329 grinam
2498 5257 2810 5314 simulabat.
2879 5254 3080 5318 Aliter,
3121 5263 3177 5309 et
3227 5252 3428 5307 factum
3479 5261 3562 5306 est
3603 5251 3658 5306 iu

2117 5352 2392 5420 grediente
2451 5351 2567 5420 ipsa
2621 5353 2674 5404 in
2728 5351 2916 5404 urbem
2946 5348 3014 5402 ad
3047 5347 3217 5401 Acilia
3266 5344 3592 5407 Selonitem,
3629 5352 3676 5393 et

2119 5437 2259 5492 dixit
2280 5438 2449 5494 Achia
2479 5453 2648 5502 puero
2674 5453 2797 5499 suo,
2834 5437 3104 5509 Egredere
3141 5437 3198 5490 in
3241 5449 3532 5502 occursum
3563 5432 3680 5486 Ano

2119 5529 2278 5586 uxori
2296 5528 2610 5594 Jeroboam,
2633 5529 2856 5584 etdices
2887 5528 3024 5598 ipsi:
3053 5527 3361 5599 Ingredere,
3391 5534 3445 5580 et
3474 5539 3540 5578 ne
3575 5534 3672 5577 stc-

2118 5624 2282 5678 teris.
2319 5621 2438 5675 Vul.
2494 5620 2640 5676 Dixit
2664 5629 2844 5676 autem
2903 5619 3168 5675 Dominus
3208 5619 3273 5672 ad
3301 5617 3516 5679 Ahiam,
3543 5613 3678 5668 Ecce

2121 5727 2256 5767 uxor
2281 5711 2571 5780 Jeroboam
2628 5707 2937 5782 ingreditur
2994 5718 3057 5763 ut
3105 5707 3355 5762 consulat
3406 5715 3458 5758 te
3512 5718 3678 5772 super

447 5809 557 5864 lilio
585 5825 704 5876 suo,
738 5809 830 5877 qui
881 5816 1108 5878 aegrotat
1132 5826 1150 5884 ε
1182 5808 1297 5863 haec
1343 5815 1398 5862 et
1429 5808 1544 5863 haec
1585 5807 1827 5878 loqueris
1855 5807 1924 5863 ei.
1958 5806 2095 5862 Cum
2121 5822 2254 5878 ergo
2289 5809 2378 5863 illa
2407 5808 2650 5873 intraret,
2682 5816 2737 5862 et
2764 5805 3134 5862 dissimularet
3164 5817 3221 5857 se
3251 5813 3371 5856 esse
3392 5813 3516 5868 quae
3543 5806 3676 5854 erat.
