4118 6446
453 447 553 502 I77

449 543 516 607 Χ
545 538 709 593 νοῦσα
734 554 748 603 ;
782 535 875 591 καὶ⁵
905 534 1014 606 ἐγώ
1038 536 1152 608 εἰμι
1175 536 1467 599 ἀπόστολος
1499 537 1635 609 πρὸς
1670 539 1727 591 σὲ
1759 537 2010 609 σκληρός.

451 633 702 698 Ἄλλως,
736 631 818 684 ᾶτι
841 629 965 684 τάδε
995 628 1142 696 λέγει
1178 627 1399 701 Κύριος,
1421 629 1637 700 Σκληρὰ
1660 629 1770 697 ἐγὼ
1804 632 2013 683 ἐπαπο-

450 723 651 778 στέλλω
679 723 771 776 ἐπὶ
796 721 873 776 σὲ.
906 721 1017 776 Καὶ
1043 720 1287 791 εἰσῆλθεν
1321 719 1456 774 ’Λνὼ
1488 720 1624 790 πρὸς
1660 721 1752 774 τὸν
1803 720 2012 792 ἄνθρω-

449 833 548 870 πον
575 815 668 869 τοῦ
697 812 854 876 Θεοῦ,
882 812 978 868 καὶ
1008 807 1162 866 εἶπεν
1190 815 1326 883 αὐτῇ
1364 812 1536 882 Ἀχιὰ,
1567 811 1729 865 ἰνατί
1757 810 2013 883 ὲνήνοχάς

453 925 540 978 μοι
570 907 786 979 ἄρτους,
812 904 904 961 καὶ
933 902 1224 976 σταφυλὴν,
1252 903 1342 958 καὶ
1363 901 1639 977 κολλύρια,
1659 903 1753 957 καὶ
1778 903 2012 975 στάμνον

452 996 665 1068 μέλιτος
684 1011 698 1062 ;

450 1239 518 1305 Χ
546 1235 714 1308 6οάμ’
751 1236 896 1290 Τάδε
933 1237 1079 1307 λέγει
1119 1237 1321 1309 Κύριος
1346 1239 1375 1292 ὁ
1410 1238 1542 1303 Θεὸς
1577 1239 1824 1312 Ἰσραήλ·
1869 1239 2010 1293 Ἀνθ’

450 1329 517 1395 Χ
545 1322 605 1382 οὗ
633 1328 756 1382 ὅσον
784 1327 975 1398 ὕψωσά
1003 1346 1062 1382 σε
1090 1328 1197 1383 ἀπὸ
1231 1330 1395 1400 μέσου
1422 1329 1516 1383 τοῦ
1538 1331 1690 1396 λαοῦ,
1713 1330 1804 1384 καὶ
1833 1329 2009 1384 ἔδωκά

449 1421 517 1488 Χ
547 1435 607 1472 σε
632 1419 929 1491 ἡγούμενον
961 1421 1053 1475 ἐπὶ
1079 1421 1168 1474 τὸν
1191 1421 1320 1475 λαὸν
1355 1421 1591 1494 Ἰσραήλ.

1569 445 1696 500 LIB.
1740 444 1807 501 III
1861 445 2104 504 REGUM
2143 449 2373 508 CAPUT
2411 451 2550 508 XIV.

3571 452 3672 508 I78

2119 542 2262 598 Dura
2283 560 2383 614 ego
2415 544 2648 598 immitto
2676 558 2839 614 super
2865 551 2936 599 te.
2982 543 3050 600 Et
3075 545 3319 616 Ingresso
3357 551 3441 601 est
3466 543 3584 599 Ano
3606 545 3672 598 ad

2116 633 2390 690 hominem
2447 635 2563 700 Dei,
2595 643 2650 688 et
2679 634 2818 689 dixit
2846 634 2896 688 oi
2932 633 3140 689 Acilia:
3175 633 3245 690 Ut
3267 635 3396 706 quid
3446 635 3674 690 attulisti

2117 724 2249 778 mihi
2279 740 2446 794 panes
2494 734 2550 779 et
2599 738 2782 789 uvam,
2813 733 2868 778 et
2895 722 3207 795 collyridas,
3241 733 3296 780 et
3318 741 3413 780 vas
3447 725 3624 779 mellis
3651 724 3675 777 Ἰ

2125 812 2244 867 Vul.
2269 813 2492 869 Audivit
2528 813 2695 868 Abias
2741 813 2978 869 sonitum
3010 812 3206 883 pedum
3239 812 3357 883 ejus
3392 813 3673 870 introeun—

2113 901 2184 960 tis
2213 918 2308 974 per
2336 903 2561 969 ostium,
2593 913 2648 958 et
2671 904 2744 958 ait
2777 922 2790 957 :
2826 902 3132 974 Ingredere,
3165 918 3305 958 uxor
3335 902 3622 960 Jeroboam
3656 923 3670 959 :

2113 1009 2282 1064 quare
2313 993 2474 1048 aliam
2527 1003 2579 1049 te
2636 1008 2756 1048 esse
2814 992 3082 1049 simulas?
3127 1008 3227 1064 ego
3259 1003 3439 1050 autem
3470 999 3675 1050 missus

2111 1097 2234 1140 sum
2265 1081 2330 1136 ad
2363 1089 2414 1138 te
2442 1079 2614 1138 durus
2648 1083 2891 1138 nuntius.

2115 1244 2186 1310 Χ
2213 1239 2382 1296 extuli
2418 1251 2471 1298 te
2495 1257 2527 1298 e
2558 1239 2735 1294 medio
2768 1237 2973 1308 populi,
3001 1243 3055 1292 et
3078 1237 3200 1293 dedi
3239 1246 3290 1293 te
3338 1237 3531 1293 ducem
3583 1253 3676 1293 su-

2114 1336 2182 1401 Χ
2210 1348 2306 1404 per
2323 1334 2582 1404 populum
2605 1331 2788 1387 Israel.
2827 1329 2942 1384 ναι.
2959 1327 3143 1395 ~Vadc,
3168 1338 3220 1383 et
3243 1328 3328 1384 dic
3350 1328 3672 1384 leroboam:

2111 1421 2236 1477 Haac
2258 1422 2388 1477 dicit
2421 1413 2682 1478 Dominus
2723 1419 2866 1476 Deus
2890 1418 3088 1477 Israel:
3120 1417 3255 1486 Quia
3276 1420 3505 1475 exaltari
3537 1431 3587 1475 te
3609 1421 3676 1476 de

446 1511 627 1570 medio
650 1515 856 1586 populi,
891 1523 947 1572 et
984 1515 1106 1572 dedi
1163 1529 1215 1572 te
1271 1517 1466 1573 ducem
1521 1533 1684 1589 super
1740 1517 1998 1588 populum
2038 1531 2220 1572 meum
2255 1517 2440 1573 Israel.

379 1733 385 1741 .
449 1673 516 1741 Χ
538 1669 712 1726 ἔδωκα
735 1671 866 1725 αὐτό
898 1687 999 1737 σοι,
1047 1671 1142 1726 καὶ
1185 1671 1285 1725 οὐκ
1329 1672 1514 1742 ἐγένου
1558 1671 1634 1736 ὡς
1688 1671 1869 1736 δοῦλός
1903 1689 2004 1742 μου

451 1769 516 1832 Χ
548 1763 728 1830 Δαυὶδ,
764 1763 824 1828 ὃς
856 1762 1085 1833 ἐφύλαξε
1111 1763 1207 1827 τὰς
1232 1763 1448 1828 ἐντολάς
1485 1781 1586 1835 μου
1605 1803 1620 1828 ,
1656 1765 1750 1818 καὶ
1789 1763 1847 1827 ὃς
1878 1765 2005 1818 ἐπο-

451 1859 517 1924 Χ
546 1855 710 1927 ρεύθη
739 1853 911 1908 ὀπίσω
948 1871 1046 1925 μου
1076 1856 1133 1906 ὲν
1167 1854 1318 1927 πάσῃ
1350 1852 1548 1926 καρδίᾳ
1572 1851 1737 1907 αὐτοῦ
1763 1853 1854 1907 τοῦ
1887 1870 2006 1906 ποι-

450 1950 516 2016 Χ
543 1949 671 2018 ἧσαι
689 1946 749 2000 τὸ
787 1945 940 2010 εὑθὲς
963 1947 1022 1999 ὲν
1045 1943 1338 2016 ὀφθαλμοῖς
1373 1962 1494 2016 μου.

3248 1625 3263 1649 δ

2113 1674 2180 1740 Χ
2211 1679 2272 1726 ut
2323 1685 2512 1727 servus
2553 1686 2709 1727 meus
2759 1669 2949 1740 David,
2986 1671 3078 1743 qui
3107 1669 3398 1727 custodivit
3423 1667 3676 1725 mandata

2114 1762 2182 1828 Χ
2211 1775 2353 1826 mea,
2374 1768 2429 1817 et
2460 1759 2862 1831 quiambulavit
2887 1773 3008 1832 post
3029 1776 3117 1818 me
3143 1761 3194 1816 in
3228 1770 3341 1817 toto
3368 1761 3531 1817 corde
3553 1776 3673 1825 suo,

2116 1855 2184 1922 Χ
2214 1851 2463 1910 faciendo
2500 1862 2710 1910 rectum
2741 1854 2793 1908 in
2836 1855 3010 1910 oculis
3039 1854 3195 1909 meis.
3253 1852 3405 1925 Vulg.
3435 1852 3502 1908 Et
3541 1853 3676 1909 scidi

2113 1938 2342 2016 regnum
2379 1944 2576 2002 domus
2611 1944 2776 2000 David
2833 1955 2888 2000 et
2935 1945 3056 2000 dedi
3096 1944 3226 2000 illud
3276 1944 3406 2011 tibi,
3469 1951 3524 2000 et
3568 1960 3676 1998 non

446 2042 594 2109 fuisti
625 2042 764 2098 sicut
784 2056 974 2099 servus
1009 2056 1163 2098 meus
1189 2039 1378 2108 David,
1401 2040 1494 2112 qui
1524 2039 1816 2097 custodivit
1868 2039 2120 2097 mandata
2168 2055 2310 2109 mea,
2349 2046 2404 2098 et
2423 2052 2641 2098 secutus
2665 2049 2750 2098 est
2785 2057 2872 2096 me
2897 2040 2949 2094 in
2981 2048 3094 2096 toto
3123 2040 3286 2096 corde
3318 2053 3439 2106 suo,
3474 2037 3679 2094 faciens

448 2134 590 2204 quod
614 2133 867 2205 placitum
897 2144 1040 2192 esset
1064 2136 1117 2190 in
1144 2143 1433 2206 conspectu
1464 2149 1602 2191 meo.

454 2289 520 2356 Χ
549 2305 638 2342 σου
656 2304 671 2320 ο
699 2290 792 2342 καὶ
812 2287 1134 2361 ὲπορεύθης,
1176 2288 1270 2342 καὶ
1291 2287 1551 2358 ἐποίησας
1600 2286 1810 2359 σεαυτῷ
1852 2285 2009 2350 θεοὺς

453 2382 518 2446 Χ
546 2377 762 2450 ἐτέρους
786 2380 879 2433 καὶ
903 2378 1148 2450 χωνευτὰ
1177 2379 1272 2436 τοῦ
1302 2379 1630 2451 παροργίσαι
1662 2397 1750 2451 με,
1786 2379 1878 2433 καὶ
1911 2378 2011 2449 ἐμὲ

453 2470 518 2536 Χ
548 2466 774 2540 ἔῤῥιψας
804 2468 978 2523 ὀπίσω
1007 2481 1119 2523 σου.

457 2820 523 2886 Χ
549 2815 808 2887 οὑροῦντα
836 2815 971 2886 πρὸς
1000 2817 1200 2887 τοῖχον,
1265 2816 1590 2888 ὲπεχόμενον
1649 2818 1739 2872 καὶ
1782 2819 2010 2872 καταλε-

457 2913 522 2976 Χ
549 2907 839 2977 λειμμένον
874 2908 933 2961 ὲν
967 2907 1201 2979 Ἰσραὴλ,
1231 2908 1326 2961 καὶ
1357 2908 1587 2976 ὲπιλέξω
1616 2909 1707 2963 ἐπὶ
1729 2910 1877 2964 οἴκου
1912 2911 2010 2964 ἰε-

456 2999 520 3065 Χ
555 2996 762 3069 ροῦοὰμ
793 2996 976 3062 καθὼς
1013 2996 1323 3068 ὲπιλέγεται
1349 3000 1382 3069 ἡ
1409 2998 1632 3070 κόπρος.
1666 2999 1770 3065 ἕως
1798 3000 2015 3056 τελειω-

455 3089 520 3156 Χ
547 3087 702 3159 θῆναι
735 3088 916 3145 αὐτόν.

2116 2286 2182 2352 Χ
2213 2281 2340 2338 dum
2375 2296 2486 2348 me,
2518 2289 2573 2336 et
2599 2296 2682 2335 me
2708 2276 2980 2351 projec’sti
3003 2287 3126 2351 post
3150 2288 3218 2334 te.
3258 2279 3409 2347 Vulg.
3437 2278 3540 2334 Sed
3557 2292 3680 2348 ope-

2115 2383 2266 2427 ratus
2291 2385 2352 2428 es
2383 2371 2526 2426 mala
2563 2385 2724 2440 super
2768 2384 2956 2426 omnes
2985 2367 3078 2441 qui
3112 2368 3332 2425 fuerunt
3365 2379 3486 2425 ante
3517 2380 3591 2433 te,
3625 2377 3682 2424 ct

2117 2462 2292 2520 fecisti
2325 2462 2426 2518 tibi
2449 2463 2577 2519 deos
2599 2463 2806 2518 alienos
2831 2469 2886 2517 et
2925 2461 3245 2529 conﬂatiles,
3273 2469 3334 2516 ut
3359 2475 3445 2516 me
3477 2461 3543 2516 ad
3573 2460 3681 2514 ira-

2119 2556 2370 2612 cundiam
2395 2570 2742 2624 provocares,
2777 2570 2866 2612 me
2888 2567 3067 2610 autem
3092 2553 3366 2625 projecisti
3402 2564 3524 2624 post
3550 2567 3676 2609 cor—

2118 2663 2220 2718 pus
2241 2653 2418 2701 tuum.

2118 2824 2185 2891 Χ
2214 2838 2379 2894 super
2407 2822 2624 2878 domum
2651 2821 2958 2886 Jeroboam,
2976 2821 3118 2878 sicut
3147 2821 3419 2892 colligitur
3448 2829 3676 2888 stercus,

2118 2912 2184 2980 Χ
2217 2912 2390 2969 donec
2414 2922 2770 2984 consumptus
2801 2911 2981 2968 fuerit.
3011 2910 3162 2983 Vulg.
3193 2911 3396 2968 Idcirco
3428 2926 3554 2968 ecce
3579 2926 3681 2983 ego

2119 3004 2372 3060 inducam
2398 3006 2536 3060 mala
2573 3019 2736 3076 super
2783 3005 3002 3060 domum
3050 3001 3359 3068 Jeroboam,
3404 3009 3458 3058 et
3491 3017 3682 3072 percu-

2121 3093 2254 3149 tiam
2282 3094 2351 3150 de
2379 3093 2666 3152 Jeroboam
2691 3095 3018 3167 mingentem
3051 3095 3119 3150 ad
3169 3094 3424 3165 parietem
3451 3101 3506 3148 et
3533 3092 3680 3149 clau-

2123 3199 2268 3247 sum,
2286 3193 2340 3241 et
2354 3186 2713 3242 novissimum
2743 3187 2797 3241 in
2829 3185 2996 3243 Israel
3021 3204 3035 3242 :
3066 3193 3121 3241 et
3140 3185 3412 3242 mundabo
3429 3181 3681 3256 reliquias

453 3268 646 3328 domus
675 3272 960 3332 Jeroboam
993 3273 1138 3330 sicut
1161 3273 1411 3330 mundari
1445 3274 1585 3332 solet
1645 3275 1805 3334 limus
1839 3291 2013 3348 usque
2046 3278 2114 3334 ad
2139 3295 2356 3350 purum.

459 3518 524 3584 Χ
552 3532 643 3569 ται
668 3517 716 3570 ol
748 3517 934 3582 κύνες,
955 3521 1049 3572 καὶ
1077 3519 1168 3573 τὸν
1187 3519 1486 3593 τεθνηκότα
1525 3524 1584 3576 ὲν
1613 3522 1693 3591 τῷ
1737 3524 1891 3597 ἀγρῳ
1920 3543 2017 3581 κα-

460 3605 850 3676 Χταφάγεται
883 3607 960 3664 τὰ.
987 3609 1205 3663 πετεινὰ
1245 3609 1341 3664 τοῦ
1378 3613 1608 3683 ούρανοῦ
1635 3631 1649 3646 ·
1689 3615 1770 3671 ὃτι
1817 3616 2018 3686 Κύριος

460 3702 528 3767 Χ
557 3697 786 3770 ὲλάλησε

459 3956 528 4023 Χ
559 3953 640 4017 εἰς
662 3949 809 4009 οἶκόν
833 3972 948 4011 σου.
993 3957 1082 4012 Ἐν
1111 3953 1189 4029 τῷ
1219 3959 1561 4032 εἰσέρχεσθαι
1582 3963 1708 4027 τοὺς
1733 3962 1899 4029 πᾶδας
1927 3979 2020 4017 σου

462 4048 530 4112 Χ
553 4044 652 4116 τὴν
681 4045 836 4100 πόλιν
864 4046 1211 4105 ἀποθανεῖται
1231 4049 1624 4123 τδ.παιδάριον.

465 4286 532 4352 Χ
563 4285 684 4338 Ὅτι
712 4277 864 4350 οὗτος
891 4284 1439 4356 μόνοςεῐσελεύσεται
1461 4290 1538 4362 τῷ
1574 4290 1851 4364 Ἱεροᾶοὰμ
1884 4292 2019 4364 πρὸς

466 4379 534 4445 Χ
559 4375 747 4446 τάφον,
775 4377 858 4432 ὅτι
888 4377 1084 4452 εὑρέθη
1129 4381 1187 4433 ἐν
1211 4381 1369 4454 αὐτῷ.
1390 4382 1541 4453 ῥῆμα
1563 4381 1725 4436 καλὸν
1771 4383 1898 4454 περὶ
1920 4383 2016 4437 τοῦ

467 4473 533 4538 Χ
557 4467 760 4542 Κυρίου
791 4469 926 4524 Θεοῦ
971 4471 1183 4543 Ἰσραὴλ
1215 4473 1274 4526 ὲν
1303 4473 1438 4544 οἴκῳ
1477 4473 1777 4545 Ἱεροϐοάμ.

469 4909 537 4976 Χ
563 4907 619 4973 ὃς
652 4907 842 4980 πλήξει
877 4909 968 4990 τὸν
1005 4903 1151 4965 οἷκον
1191 4909 1471 4982 Ἱεροόοὰμ
1507 4909 1678 4984 ταύτῃ
1708 4913 1774 4982 τῇ
1817 4909 2018 4982 ἡμέρᾳ,

470 4999 536 5066 Χ
563 4997 655 5052 καὶ
684 4996 762 5068 ἔτι
791 4998 946 5069 καίγε
971 4997 1096 5056 νῦν..

470 5344 539 5410 Χ
563 5341 621 5397 ὲν
650 5339 822 5408 ὕδατι,
875 5342 970 5397 καὶ⁹
1000 5343 1200 5397 ἑκτιλεῖ
1228 5344 1320 5399 τὸν
1357 5345 1574 5418 Ἰσραὴλ
1617 5345 1725 5400 ἀπὸ
1770 5346 1882 5401 ἄνω
1928 5344 2028 5415 τῆς

472 5435 540 5501 Χ
568 5429 751 5501 χθὸνος
771 5430 871 5501 τῆς
891 5430 1100 5502 ἀγαθῆς
1128 5430 1352 5504 ταύτης,
1383 5429 1452 5505 ἧς
1473 5433 1641 5488 ἔδωκε
1676 5426 1789 5497 τοῖς
1817 5431 2029 5503 πατρά-

425 5570 436 5597 .
472 5525 538 5593 Χ
569 5540 652 5578 σιν
683 5521 880 5589 αὐτῶν,
911 5522 1003 5576 καὶ⁵
1036 5522 1291 5594 λικμήσει
1328 5525 1524 5588 αὐτοὺς
1571 5524 1678 5579 ἀπὸ
1720 5523 1891 5593 πέραν
1935 5521 2029 5578 τοῦ

427 5625 435 5680 ξ
474 5616 541 5680 Χ
567 5611 810 5683 ποταμοῦ
859 5610 976 5665 ἀνθ’
1014 5603 1074 5665 οὗ
1107 5612 1230 5666 ὅσον
1276 5613 1536 5686 ἐποίησαν
1573 5614 1642 5669 τὰ
1685 5613 1821 5685 ἄλση
1853 5611 2030 5667 αὐτῶν

473 5709 541 5773 Χ
572 5702 998 5776 παροργίσαντες
1023 5703 1116 5758 τὸν
1147 5704 1370 5776 Κύριον.

2123 3533 2190 3601 Χ
2220 3547 2348 3590 aves
2371 3533 2518 3602 coeli,
2544 3533 2677 3607 quia
2709 3532 2970 3590 Dominus
2993 3533 3208 3590 locutus
3238 3516 3340 3588 est.
3397 3529 3550 3602 Vulg.
3575 3528 3682 3597 Qui

2123 3629 2326 3684 mortui
2382 3627 2585 3684 fuerint
2615 3627 2684 3683 de
2724 3625 3012 3684 Jeroboam
3045 3625 3102 3680 in
3131 3625 3365 3692 civitate,
3398 3623 3686 3681 comedent

2125 3732 2223 3773 eos
2247 3732 2452 3774 canes:
2492 3717 2587 3788 qui
2613 3725 2796 3774 autem
2831 3718 3032 3774 mortui
3059 3717 3263 3774 fuerint
3305 3716 3363 3772 in
3404 3731 3556 3790 agro,
3581 3732 3678 3772 vo-

2123 3807 2323 3864 rabunt
2347 3821 2442 3864 eos
2463 3822 2592 3863 aves
2636 3808 2758 3864 coeli
2785 3823 2800 3860 :
2824 3809 2951 3880 quia
2981 3808 3244 3866 Dominus
3270 3809 3484 3866 locutus
3511 3817 3621 3866 est.

2125 3962 2194 4034 Χ
2227 3963 2400 4018 rietur
2426 3960 2705 4032 puerulus.
2749 3960 2900 4032 Vulg.
2946 3961 3028 4017 'I‘u
3059 3961 3226 4033 igitur
3247 3979 3430 4034 surge,
3463 3973 3517 4019 et
3550 3949 3687 4020 "alie

2127 4054 2184 4107 in
2208 4052 2430 4107 domum
2463 4060 2611 4105 tuam
2647 4067 2661 4104 :
2689 4058 2742 4105 et
2772 4051 2824 4103 in
2857 4051 2976 4120 ipso
3004 4051 3224 4106 introitu
3249 4057 3444 4123 pedum
3469 4062 3684 4108 tuorqu

2129 4142 2188 4196 in
2215 4141 2423 4206 urbem,
2448 4141 2710 4217 morietur
2733 4153 2886 4211 puer.

2129 4297 2200 4365 Χ
2223 4291 2394 4353 Deum
2424 4299 2591 4354 Israel
2623 4300 2678 4355 in
2699 4300 2863 4357 domo
2895 4298 3203 4356 Jeroboam.
3246 4296 3398 4369 Vulg.
3432 4295 3497 4352 Et
3526 4297 3684 4369 plan-
3752 4359 3758 4369 ,

2127 4395 2220 4458 get
2235 4401 2361 4442 eum
2405 4388 2586 4445 omnis
2611 4389 2796 4458 Israel,
2838 4398 2894 4446 et
2923 4388 3144 4459 sepeliet
3174 4406 3188 4443 :
3220 4388 3321 4444 iste
3349 4388 3492 4443 enim
3537 4385 3686 4444 solus

2128 4479 2396 4536 inferetur
2428 4480 2494 4535 de
2519 4479 2810 4538 Jeroboam
2848 4481 2901 4535 in
2942 4480 3245 4552 sepulcrum
3268 4519 3284 4546 ,
3323 4479 3451 4549 quia
3502 4477 3689 4533 inven-

2131 4581 2222 4628 tus
2246 4581 2330 4628 est
2363 4586 2528 4642 super
2555 4587 2621 4629 eo
2647 4587 2829 4628 sermo
2856 4572 3032 4628 bonus
3055 4587 3086 4626 a
3111 4570 3340 4628 Domino
3370 4569 3480 4626 Deo
3501 4567 3686 4636 Israel,

2130 4666 2186 4720 in
2211 4664 2374 4721 domo
2411 4663 2720 4719 Jeroboam.

2140 4909 2295 4979 Vulg.
2331 4909 2626 4965 Constituit
2649 4917 2828 4964 autem
2859 4908 2961 4963 sibi
3019 4882 3279 4963 Dominus
3307 4923 3485 4979 regem
3524 4923 3686 4980 super

2131 4999 2320 5068 Israel,
2355 5002 2447 5071 qui
2473 5001 2738 5072 percutiet
2759 5000 2978 5056 dom-um
3010 4997 3294 5055 Jeroboam
3319 5000 3371 5054 in
3396 5001 3498 5056 hac
3515 5001 3686 5068 die,et

2130 5095 2185 5151 in
2215 5097 2316 5152 hoc
2343 5105 2581 5166 tempore

2129 5331 2830 5412 )(deditpatrlbuseorum,
2843 5345 2898 5394 et
2916 5337 3196 5394 ventilabit
3210 5320 3384 5397 eosde
3412 5348 3561 5398 trans
3581 5342 3685 5398 nu-

2129 5437 2199 5505 Χ
2227 5447 2375 5501 men,
2395 5439 2678 5503 propterea
2728 5429 2875 5502 quod
2907 5428 3152 5485 fecerunt
3183 5431 3338 5487 lucos
3381 5447 3530 5500 suos,
3560 5448 3686 5502 pro-

2132 5528 2200 5594 Χ
2229 5533 2490 5580 vocantes
2514 5517 2828 5578 Dominum.
2862 5520 3014 5593 Vulg.
3045 5520 3112 5576 Et
3137 5522 3402 5592 percutiet
3423 5521 3687 5580 Dominus

2128 5617 2273 5673 Deus
2315 5615 2503 5683 Israel,
2539 5616 2694 5672 sicut.
2713 5614 2914 5670 moveri
2949 5614 3086 5670 solet
3133 5613 3341 5667 arundo
3393 5612 3447 5665 in
3497 5627 3684 5682 aqua;

2129 5717 2183 5764 et
2204 5707 2396 5764 evellet
2431 5705 2692 5763 Israelde
2731 5714 2874 5761 terra
2898 5706 3037 5761 bona
3066 5705 3187 5766 hac,
3218 5716 3380 5771 quam
3409 5699 3557 5756 dedit
3591 5718 3686 5772 pae-

476 5797 649 5853 tribus
674 5813 884 5868 eorum,
907 5805 960 5854 et
990 5795 1268 5854 ventilabit
1301 5812 1394 5855 eos
1427 5807 1574 5856 trans
1621 5799 1818 5856 ﬂumen
1852 5819 1862 5854 :
1901 5800 2026 5871 quia
2065 5798 2310 5858 fecerunt
2332 5798 2433 5856 sibi
2467 5799 2641 5864 lucos,
2679 5804 2738 5851 ut
2760 5795 3034 5852 irritarent
3059 5793 3362 5848 Dominum.
