4132 6416
441 4970 452 4982 ·
528 4977 741 5016 menses
770 4961 1018 5030 primos?

544 394 638 450 661
1837 389 1956 447 JOB
1991 389 2170 448 CAPU

2196 391 2223 447 ι’
2260 389 2454 447 XXIX.
3667 386 3774 443 462

853 509 1249 564 ΣΥΜΜΑΧΟΣ.
2114 508 2191 562 0’.
3057 503 3452 558 ΘΕΟΔΟΤΙΩΝ.

607 670 697 724 2'5.
727 665 982 740 Συῦῆκεν.
1714 668 1801 722 25.
1830 668 2179 739 Συνέστησεν.
2809 666 2899 720 25.

610 759 699 812 25.
725 758 903 830 ’Υδωρ
932 758 990 812 δὲ
1018 756 1234 822 ἐξίσωσε
1265 756 1464 826 μέτρῳ.
1718 759 1807 814 25.
1974 761 2064 814 καὶ
2099 759 2286 823 ὓδατος
2316 760 2509 831 μέτρα.
2810 762 2900 817 25.

614 919 700 974 26.
733 919 826 983 Εἰς
856 918 1056 973 κτύπον
1095 917 1301 986 φωνῶν.
1709 922 1798 976 26.
1841 923 1929 975 Ἐν
1958 921 2248 992 τινάγματι
2290 923 2489 991 φωνάς.
2814 922 2905 976 26.

611 1015 700 1069 27.
1709 1011 1798 1064 27.
1833 1012 2153 1082 Ἐτοιμάσας

2196 1011 2503 1083 ἐξιχνίασεν.

819 1199 1255 1256 SYMMACHUS.

1811 1197 1956 1253 LXX
1986 1198 2483 1255 INTERPRETES.

2810 1013 2899 1066 27.
2930 1011 3177 1078 Διέταξεν
3211 1010 3378 1080 αὐτὴν
3420 1009 3513 1063 καὶ
3538 1007 3765 1079 ἐρεύνην

2745 1099 2832 1135 σεν
2860 1083 3048 1152 αὑτήν.

3057 1199 3463 1255 THEODOTIO.

611 1319 697 1374 23.
727 1320 1001 1376 intellexit.
1705 1317 1795 1371 25.
1837 1316 2147 1374 Constituit.
2809 1318 2900 1373 25.

612 1415 698 1469 25.
723 1415 930 1484 Aquam
953 1427 1081 1470 vero
1100 1412 1403 1483 adaequavit
1421 1426 1567 1466 men-
1705 1408 1866 1464 25....
1890 1408 1956 1463 Et
1997 1425 2152 1480 aquae
2177 1425 2480 1466 mensuras.
2807 1409 2897 1464 25.

609 1503 698 1540 [‘28.

541 1502 698 1541 surae.

607 1575 695 1629 26.
728 1575 810 1630 Ad
845 1575 1123 1646 strepitum
1153 1589 1365 1628 vocum.
1704 1571 1792 1625 26.
1825 1570 1883 1626 ln
1911 1571 2270 1628 concussione
2301 1587 2485 1627 voces.
2811 1568 2902 1624 26.

611 1667 701 1720 27.
1703 1663 1792 1718 27.
1821 1663 1955 1719 Cum
1989 1671 2252 1733 parasset,
2295 1663 2659 1734 investigarit.

2805 1661 2895 1716 27.
2937 1659 3214 1715 Ordinavit
3259 1673 3377 1714 eam
3425 1665 3478 1712 et
3516 1641 3767 1730 perScru-

2737 1740 2879 1787 tatus
2904 1743 2986 1786 est
3010 1746 3153 1784 eam.

1349 1858 1536 1918 Nota;
1576 1862 1638 1918 et
1671 1865 1862 1918 variae
1890 1855 2197 1918 lectiones
2225 1857 2303 1918 ad
2330 1873 2465 1936 cap.
2487 1855 2770 1948 .XXVlll
2798 1855 2939 1916 Job.

540 1982 738 2107 leid.
797 1984 900 2050 ’A.’,
949 1983 1050 2036 οὐκ
1095 1981 1542 2054 ἀναϐληθὴσεται.
1593 1980 1794 2038 Omnes
1860 1997 1991 2038 mss.
2040 1989 2095 2036 et

587 2069 784 2107 rusms.

587 2069 784 2108 l‘llSlllS.

609 2124 740 2177 lbid.
787 2124 868 2188 Σ.,
911 2122 1116 2194 χρυσίῳ
1172 2121 1816 2194 πρωτεξῳηδίοίοιηηεε
1862 2137 1994 2176 mss.
2038 2129 2096 2194 et

537 2192 780 2248 Drusius.
812 2192 1054 2258 Ἀλλος,
1091 2192 1433 2263 σαρδόνυχίῳ.
1456 2192 1703 2248 Drusius.
1731 2193 1976 2259 Ἄλλος,
1997 2193 2097 2244 οὐκ

537 2263 1136 2333 ἀντισταθμισθήσεται.
1154 2261 1528 2333 Εοὼιὲὲιίηυε.

607 2335 739 2387 Ibid.
783 2331 864 2395 Σ.,
911 2331 1239 2403 κρύσταλλος
1281 2332 1562 2403 ᾷιαφανής.
1609 2331 1760 2388 Hanc
1792 2331 2095 2403 lectionem

535 2403 784 2458 adferunt
811 2401 1149 2456 Colbertinus
1193 2411 1245 2456 et
1284 2401 1419 2472 Reg.
1471 2401 1610 2472 unus
1639 2403 1756 2456 sine
1790 2401 2096 2468 interpretis

536 2475 774 2527 nomine.
805 2473 1077 2542 Putamusi
1108 2486 1227 2526 esse
1276 2470 1584 2542 Symmachi
1631 2472 1772 2525 :sed
1823 2487 1935 2526 rem
1989 2484 2098 2522 non

533 2545 868 2598 exnloratam
903 2559 1022 2596 esse
1050 2541 1260 2595 duobus
1295 2541 1508 2596 uncinis
1537 2542 1864 2594 indicamus.

634 2615 740 2666 bid.
773 2614 854 2678 Σ.,
893 2613 1010 2665 οὐδὲ
1039 2612 1627 2682 ἀντικαταλλαγήσεται
1654 2617 1758 2664 etc.
1795 2610 1883 2666 Sic
1907 2627 2096 2668 omnes

537 2698 674 2738 mss.
705 2691 758 2736 et
784 2683 1030 2736 Drusius.

607 2752 739 2806 Ibid.
764 2754 846 2813 Σ.,
876 2751 1054 2822 ὑψηλὰ
1078 2751 1170 2803 καὶ
1199 2748 1427 2822 etc._Si_c
1449 2749 1626 2822 locum
1660 2748 2099 2822 plenum__babent

536 2837 727 2875 omnes
749 2814 1240 2881 mss.,'tr'uncatum
1266 2819 1530 2872 adtulerat
1549 2814 1789 2872 Drusius.
1821 2818 1963 2874 LXX
1997 2822 2096 2875 ha-

536 2891 683 2952 bent,
728 2890 972 2960 μετέωρα
990 2889 1096 2960 καὶ
1114 2887 1305 2960 Γαδίς.
1360 2889 1413 2960 l‘n
1456 2903 1578 2942 eum
1625 2904 1750 2960 vero
1778 2890 1955 2960 locum
1997 2891 2100 2960 hoc

536 2957 758 3012 notatur
788 2959 840 3011 in
887 2957 1199 3012 Colbertino
1228 2974 1242 3009 :
1275 2957 1417 3021 τινές
1469 2975 1629 3026 φασιν
1659 2959 1739 3010 ὅτι
1774 2959 1964 3022 Γαὸεὶς
2006 2959 2097 3012 λέ-

535 3044 689 3098 γεται
736 3027 796 3081 τὸ
843 3029 1103 3098 ὑπερέχον
1133 3027 1224 3098 τοῦ
1257 3027 1471 3098 χείλους
1489 3027 1582 3080 τοῦ
1615 3028 1888 3097 μεδίμνου,
1935 3031 1962 3082 ὃ
1997 3047 2099 3084 κα-

532 3097 701 3151 λεῖται
749 3097 1138 3168 κομμουλάτον.
1186 3097 1238 3150 Id
1285 3106 1402 3168 est,
1435 3097 1668 3168 Quidam
1701 3099 1883 3150 dicunt
1936 3098 2096 3153 Gabi:

531 3169 728 3233 vocari,
773 3166 908 3238 quod
938 3169 1279 3236 supereminet
1321 3167 1377 3220 in
1424 3166 1573 3220 labra
1603 3169 1852 3221 medimni
1873 3210 1888 3235 ,
1918 3179 1968 3222 et
2004 3185 2096 3223 va-

530 3248 684 3291 catur
710 3238 1051 3291 cumulatum.

603 3308 740 3363 Ibid.
767 3309 849 3372 Σ.,
874 3309 974 3360 οὐκ
999 3306 1449 3378 ἀναϐληθήσεται.
1478 3304 1710 3363 Nicetas.
1735 3305 1827 3363 Sic
1852 3310 2095 3365 eamdem

2203 1999 2392 2039 vocem
2417 1983 2576 2037 vertit
2603 1982 2796 2051 Aquila
2825 1997 3008 2052 supra,
3041 1999 3094 2037 v.
3127 1980 3210 2035 16.

2272 2055 2403 2109 lbid.
2443 2055 2545 2120 Ἀ.,
2574 2047 2740 2122 γλυκὺ
2771 2053 2828 2106 δὲ
2865 2047 2970 2108 etc.
2995 2047 3276 2116 'Colbertq
3324 2048 3501 2116 0rat.,
3535 2047 3752 2106 Nicetas

2196 2134 2249 2180 et
2278 2124 2525 2178 Drusius.
2641 2122 2668 2152 ⁶
3723 2155 3742 2169 .

2271 2193 2337 2249 ν.
2382 2195 2470 2249 21.
2506 2193 2850 2248 Colbertinus
2888 2209 3010 2248 cum
3045 2192 3349 2262 asterisco,_
3376 2191 3439 2244 ἐκ
3476 2190 3544 2262 γΘ.
3595 2191 3760 2262 οἱμβς

2197 2266 2236 2320 i.
2261 2280 2335 2330 e.,
2371 2263 2566 2317 Hiduo
2591 2265 2833 2318 versiculi
2854 2280 2919 2318 ex
2945 2263 3310 2317 Theodotione.
3332 2259 3388 2314 ln
3403 2261 3637 2316 editione
3658 2259 3766 2316 La-

2196 2338 2333 2400 tina,
2363 2335 2634 2388 secundus
2654 2335 2970 2396 versiculus.
2995 2344 3043 2387 et
3067 2351 3099 2385 a
3122 2333 3388 2387 volucrum
3410 2332 3522 2385 εωιὶ
3545 2331 3764 2385 abscon-

2195 2406 2310 2458 dita
2330 2413 2432 2475 est,
2454 2413 2508 2458 et
2532 2419 2764 2471 sequens
2783 2405 2852 2475 (v_.
2877 2404 2991 2475 22),
3014 2404 3236 2473 perditio
3257 2415 3302 2457 et
3329 2418 3468 2475 mors
3491 2402 3761 2463 dixerunt.

2197 2474 2474 2528 asteriseis
2508 2471 3024 2540 notantur.'Sedpibi
3060 2475 3304 2528 asterisci
3336 2471 3645 2540 frequenter
3672 2487 3760 2526 se-

2197 2558 2295 2597 cus
2324 2558 2486 2622 quam
2520 2545 2804 2622 oportebat
2838 2537 3759 2622 locént_ur..Praes_tat_Cblbertinurn

2197 2611 2372 2679 sequi.
2417 2611 2476 2664 In
2517 2612 2704 2665 eadem
2737 2615 2982 2666 versione
3011 2612 3222 2676 Latina,
3267 2613 3320 2666 bi
3346 2611 3454 2666 duo
3483 2612 3759 2677 versiculi,

2198 2680 2266 2733 Et
2294 2682 2430 2734 viam
2464 2684 2784 2750 tempestatis
2813 2684 3040 2735 vocibus.
3083 2681 3226 2736 Tunc
3254 2683 3381 2735 vidit
3414 2698 3550 2745 eam,
3589 2689 3638 2735 et
3669 2697 3764 2734 ex-

2196 2753 2368 2820 posuit
2415 2766 2558 2812 eam;
2606 2767 2836 2820 quorum
2869 2753 3016 2820 prior
3063 2755 3295 2820 pertinet
3341 2752 3406 2805 ad
3443 2753 3760 2806 hodiernum

2196 2837 2411 2875 versum
2428 2821 2516 2886 26,
2543 2821 2810 2888 posterior
2836 2824 2902 2877 ad
2922 2822 3012 2887 27,
3028 2824 3299 2879 asteriscis
3325 2829 3580 2876 notantur
3601 2836 3762 2878 secus

2197 2907 2358 2962 quam
2395 2892 2448 2944 in
2483 2891 2810 2962 Colbertino.

2362 2962 2452 3014 25.
2485 2962 2568 3024 Σ.,
2603 2961 2850 3030 συνῆκεν.
2883 2959 2974 3016 Sic
2999 2978 3210 3018 omnes.

2267 3029 2336 3104 _V._
2356 3032 2445 3104 25.
2487 3033 2589 3094 ‘A.,
2617 3031 2876 3104 xati'aawp
2908 3044 3012 3088 elc.
3044 3033 3150 3088 Has
3180 3032 3388 3103 Aquilae
3416 3040 3485 3104 et
3506 3031 3756 3104 Symma-

2197 3101 2283 3156 chi
2325 3101 2580 3156 lectiones
2605 3101 2862 3156 exhibent
2888 3119 3078 3159 omnes
3106 3101 3331 3157 mssfet
3364 3103 3514 3157 editi.

2268 3171 2328 3242 Υ.
2362 3171 2450 3242 26.
2483 3173 2563 3242 Σ.,
2598 3173 2676 3242 εἰς
2707 3172 2908 3242 κτύπον
2941 3175 3151 3242 φωνῶν.
3185 3171 3407 3228 Omnes.

2269 3239 2333 3293 V.
2361 3241 2449 3294 27.
2481 3241 2568 3309 6.,
2596 3241 2833 3306 διέταξεν
2865 3239 2968 3299 etc.
2996 3243 3214 3299 Omnes.

1782 3448 2040 3511 CAPUT
2079 3447 2313 3539 .xx1x
2363 3446 2528 3510 JOB.

847 3574 1242 3628 ΣΥΜΜΑΧΟΣ.
2119 3575 2194 3625 0'.
3051 3573 3446 3630 ΘΕΟΔΟΤΙΩΝ.

601 3740 655 3794 2.
681 3738 906 3809 Tigrim
934 3755 1003 3809 με
1041 3738 1180 3791 κατά
1223 3738 1346 3801 τοὺς
1385 3735 1561 3808 μῆνας
1636 3804 1656 3809 _
1700 3735 1754 3788 2.
1782 3733 1874 3809 Ti;
1925 3733 1992 3787 ἄν
2047 3751 2114 3804 με
2167 3732 2283 3806 θείη
2342 3734 2482 3788 κατὰ
2511 3734 2659 3807 μῆνα
2793 3737 2852 3793 2.

531 3809 655 3874 τοὺς
689 3804 966 3880 πρώτους’;
1386 3804 1398 3808 ’
1449 3804 1458 3807 ⁷
1633 3804 1938 3875 ἔμπροσθεν
1967 3822 1982 3870 ;

1628 3965 1656 4032 ξ
1711 3895 1982 3967 Ἢμερῶν,
2011 3888 2082 3950 ὧν
2117 3913 2186 3970 με
2221 3899 2251 3950 6
2296 3896 2427 3959 Θεὸς
2457 3895 2656 3965 ὲφύλα-
2726 3966 2757 4019 λ
2797 3881 2956 4022 ἰλαέτᾶ
2978 3897 3076 3964 τὰς
3099 3895 3309 3970 ἡμέρας
3325 3897 3390 3970 ἃς
3419 3899 3447 3950 ὁ
3476 3897 3605 3962 Θεὸς

1661 3983 1738 4020 εν·
2759 3985 2863 4022 ασσ
2928 3985 3016 4032 με.

1489 4035 1492 4039 _
1628 3985 1738 4032 ςεν.
2727 3985 2893 4022 Λασσε
2928 3985 3016 4039 με.

601 4060 657 4126 5.
1698 4059 1750 4112 3.
1787 4058 1974 4126 Ηῦγει.
2014 4059 2256 4124 Ἀλλος,
2309 4055 2570 4128 ἔλαμπεν.
2797 4059 2852 4116 3.

601 4150 655 4234 4:
681 4150 889 4223 Ὥσπερ
916 4151 1061 4221 ἢμην
1091 4150 1149 4202 ὲν
1177 4149 1412 4221 ἡμέραις
1441 4149 1553 4202 νεό-
1695 4149 1749 4205 4.
1780 4150 1907 4202 Ὅτε
1944 4151 2092 4221 ἥμην
2123 4149 2418 4221 ἐπιδρίθων
2445 4148 2616 4212 ὁδούς.
2797 4153 2852 4207 4.

527 4237 560 4273 τ
598 4239 658 4273 το
783 4240 834 4275 υ.

561 4238 798 4392 “Diri:
827 4312 1221 4386 περιέφρασσεν
1239 4311 1267 4363 6
1294 4309 1425 4375 Θεὸς
1456 4310 1554 4382 τὴν
1689 4311 1826 4392 ςοξε
1855 4312 1884 4364 6
1913 4310 2044 4374 Θεὸς
2071 4310 2373 4381 ἐπισκοπὴν
2422 4309 2657 4363 ἐποιεῖτο

531 4384 730 4454 σκηνήν
757 4399 878 4452 μου.
902 4382 914 4386 “
1028 4382 1037 4384 ἡ
1623 4382 1717 4436 τοῦ
1744 4382 1892 4435 οἴκου
1921 4399 2043 4452 μου.

596 4473 651 4528 5-
1696 4472 1750 4525 5.
1785 4470 1982 4540 Κύκλῳ
2001 4469 2058 4522 δέ
2099 4486 2198 4539 μου
2220 4471 2269 4522 οἱ
2296 4469 2653 4540 παῖδες.”Αλ-
2796 4471 2849 4527 5.

1627 4544 1755 4606 λος,
1783 4538 2037 4611 ἀγόμενοι
2070 4538 2158 4592 ὑπ’
2191 4538 2346 4609 ἐμοῦ.

597 4631 651 4686 8.
691 4630 838 4685 Νὲοι.
1699 4631 1750 4686 8.
1783 4631 2092 4685 Νεανίσκοι.
2799 4629 2850 4682 8.
2885 4628 3034 4682 Neon.

813 4768 1254 4826 SYMMACHUS.
1800 4767 1940 4824 LXX
1967 4767 2468 4824 INTERPRETES.
3037 4766 3445 4825 THEODOTIO.

596 4891 650 4944 2.
682 4889 816 4957 Quis
843 4891 1048 4946 dederit
1080 4890 1213 4944 mihi
1245 4889 1544 4947 secundum

1686 4888 1740 4943 2.
1793 4888 1928 4955 Quis
1965 4890 2152 4959 utique
2211 4905 2297 4943 me
2350 4897 2514 4958 ponat
2569 4905 2654 4944 se-
2794 4898 2852 4947 2.

1623 4960 1863 5014 cundum
1898 4975 2139 5015 mensem
2173 4959 2376 5029 prius?

1593 5101 1595 5104 .
1642 5121 1647 5122 ί
1695 5051 1932 5116 Dierum,
1972 5053 2171 5122 quibus
2199 5068 2285 5107 me
2311 5050 2452 5106 Deus
2473 5059 2656 5107 custo-

2797 5054 3106 5110 Secundum
3137 5055 3252 5110 dies
3275 5053 3470 5125 quibus
3501 5052 3642 5108 Deus
3665 5067 3757 5108 cu-

1622 5121 1775 5177 divit.
1992 5121 2005 5122 7
2724 5126 2994 5181 stodiebat
3026 5140 3131 5180 me.

596 5214 650 5266 '5.
1690 5209 1744 5263 5.
1779 5205 2041 5263 Lucebat.
2068 5208 2244 5274 Alius,
2272 5207 2609 5277 splendebat.
2783 5217 2840 5282 ¹Ξῖ.

590 5303 642 5356 4.
680 5301 834 5356 Sicut
859 5316 1006 5356 eram
1037 5300 1092 5356 in
1142 5301 1331 5358 diebus
1358 5300 1552 5372 juven-
1603 5306 1606 5309 '
1692 5298 1746 5354 4.
1779 5297 1915 5354 Cum
1949 5314 2099 5354 eram
2125 5315 2445 5370 gravescens
2484 5303 2602 5360 viis.
2782 5303 2841 5360 ,4.

522 5372 651 5427 tutis
682 5387 832 5426 mea.

592 5463 816 5529 Quando
894 5462 1336 5519 circumvallabat
1407 5462 1550 5520 Deus

523 5533 925 5589 tabernaculum
954 5549 1153 5590 meum.
1619 5533 1810 5593 domus
1844 5551 1994 5588 mese.

1691 5463 1827 5519 Cum
1859 5463 2004 5520 Deus
2028 5466 2393 5522 visitationem
2421 5467 2652 5524 faciebat

591 5624 644 5679 Β.
1643 5698 1650 5701 _
1676 5628 1744 5701 _5.
1769 5625 2084 5701 ln_circuitu
2106 5644 2173 5684 au

2196 5645 2287 5686 .cm
2311 5645 2430 5687 meo
2455 5631 2622 5701 pueri.
2794 5626 2847 5684 ὅ.

1619 5697 1791 5755 Alius.
1817 5698 1963 5753 ducti
1993 5714 2022 5752 a
2055 5715 2160 5754 me.

1689 5789 1739 5840 8.
1773 5788 2170 5846 Adolescentes.

589 5784 640 5840 8.
675 5781 923 5840 Iuvenes.

2799 5791 2852 5847 8.
2881 5789 3134 5847 Iuvenes.
