4132 6434
351 361 461 417 467

627 585 714 637 ΤΟ
750 587 1115 648 ΕΒΡΑΙΚΟΝ.

640 757 814 812 tam”,
851 763 1001 816 una
1037 767 1244 824 tamin:
1282 762 1307 815 1

883 856 1010 907 um:
1049 835 1170 910 θείνῃ
1184 864 1220 878 -
1234 864 1316 916 DY

801 1062 902 1136 νὴ)
938 1088 1048 1139 πω
1083 1047 1244 1146 ’πενίην
1278 1083 1315 1136 2

705 1245 1052 1321 71227315221
1085 1255 1242 1304 nun:
1276 1245 1311 1298 δ

517 1310 783 1392 τραγ-’59
817 1310 959 1391 rubi:
1009 1340 1240 1420 ovs:an
1277 1334 1310 1388 4

710 1473 876 1549 Dur-l5
911 1461 1115 1551 cinna
1143 1503 1310 1554 unm

757 1661 903 1739 1pm
941 1662 1122 1716 εῖτ-ραν
1155 1665 1238 1745 pr.
1275 1659 1306 1712 7

997 1800 1239 1876 Dur-’5:
1274 1819 1307 1873 8

841 1913 981 1964 mm
1015 1917 1200 1968 n'llT'lN
1240 1909 1308 1962 12

345 1975 435 2055 ⁷⁸η
460 1998 473 2044 I
503 2002 644 2058 nam
675 2009 687 2051 :
719 1977 891 2060 animi
924 2009 1078 2060 mnu
1111 1999 1179 2052 16
1218 1999 1309 2065 ,15

1468 376 1938 439 HEXAPLORUM
1980 385 2147 451 QUAE
2187 381 2613 440 SUPERSUNT.

1611 503 1866 565 CAPUT
1920 508 2108 567 XXX
2175 507 2337 569 JOB.

1734 607 1822 660 ΤΟ
1861 608 2205 661 ΕΒΡΔΙΚΟΝ

1646 674 1978 748 Ἑλληνικοῖς
2003 679 2309 750 γράμμασι.

1528 770 1580 826 1.

1460 1056 1576 1145 ,9.

1523 1253 1581 1306 5.

1519 1341 1575 1396 4.

1522 1662 1573 1716 7.

1520 1821 1573 1876 8.

1519 1913 1588 1966 12

1521 2008 1609 2074 15,
1644 2008 1732 2063 16.

991 2076 1126 2129 ἰτ-ΥΞ]
1161 2078 1377 2152 15mm
1457 2147 1464 2159 λ

1075 2207 1201 2284 ΠΒῆ
1239 2225 1304 2278 17

693 2321 868 2372 ’ΞἾΤἈἿ
907 2322 1069 2374 ⁷1⁵13Πὲ
1107 2323 1198 2374 ’DD
1236 2316 1304 2370 18

695 2479 755 2530 u
788 2480 980 2564 param
1015 2482 1202 2540 mror
1235 2475 1306 2530 20

790 2646 944 2698 mum
976 2646 1197 2701 731172311
1232 2639 1307 2694 22.

638 2805 716 2856 xm
751 2800 874 2856 rem
909 2805 1056 2880 ἠήρ
1090 2809 1200 2859 am
1235 2799 1306 2855 26

941 3043 1046 3094 ῚὩἾ
1059 3043 1202 3094 ’ἪἺῚ
1237 3034 1304 3087 27

1035 3109 1204 3186 Dun'a
1239 3126 1309 3180 29

604 3171 633 3199 θ

430 3240 680 3298 VERSIO
718 3240 1036 3300 HEBRAICI
1077 3245 1284 3300 TEXT.

407 3357 466 3412 1.
495 3356 704 3410 Minimi
733 3372 842 3426 prae
872 3372 959 3412 me
979 3358 1193 3412 diebus.

409 3448 546 3503 Cum
576 3449 802 3505 canibus
825 3449 1042 3519 pecoris
1078 3449 1205 3503 mei.

409 3611 466 3668 2.
500 3610 674 3682 Super
701 3611 834 3680 ipsis
855 3609 1015 3681 periit
1040 3609 1272 3664 senium.

407 3773 460 3856 ῖς.
489 3772 548 3828 In
580 3771 807 3843 penuria
858 3779 913 3827 et
945 3771 1000 3826 in
1029 3770 1212 3827 esurie
1243 3769 1375 3826 soli-

337 3854 530 3900 tarius.

404 3937 458 3989 4.
516 3933 866 3990 Succidentes
919 3932 1156 3988 malvam
1211 3947 1375 4003 super

334 4006 586 4077 virgulto.

408 4096 476 4151 Et
506 4097 658 4153 radix
681 4098 1061 4168 juniperorum
1087 4096 1244 4167 panis
1279 4110 1374 4152 eo—

335 4183 481 4223 rum.

409 4259 460 4315 7.
495 4260 642 4315 Inter
671 4260 892 4315 arbusta
918 4259 1208 4315 rudebant:

405 4425 456 4480 8.
489 4426 706 4496 Absque
730 4425 970 4479 nomine.

407 4588 496 4642 12.
534 4586 767 4641 Semitas
797 4583 1141 4639 contritionis
1176 4600 1308 4639 sum.

403 4682 492 4746 15,
521 4681 609 4735 16.
643 4677 884 4732 Transiit
933 4677 1080 4731 salus
1110 4693 1249 4730 mea.
1304 4676 1372 4730 Et

336 4767 483 4807 nunc
528 4757 721 4805 contra
754 4763 842 4803 me
890 4754 1062 4801 vertet
1101 4763 1160 4802 se
1188 4749 1370 4803 anima

331 4838 473 4877 mea.

403 4916 428 4968 1
441 4915 492 4967 7.
517 4911 706 4968 Nocte.

405 5007 492 5062 18.
527 5005 682 5060 Sicut
706 5019 768 5061 os
805 5003 1000 5060 tunica:
1029 5018 1162 5060 mea;
1200 5004 1371 5060 cinxit

225 5133 233 5146 ,
331 5094 438 5132 me.

398 5168 490 5222 20.
528 5165 663 5222 Steti
688 5174 741 5220 et
764 5164 1072 5220 intellexisti
1101 5164 1156 5219 in
1185 5180 1292 5221 me.

404 5329 497 5382 22.
534 5325 602 5382 Ει
663 5327 978 5398 liquefacies
1024 5341 1113 5382 me
1157 5326 1372 5383 subtili-

333 5409 385 5455 ta
392 5409 462 5454 te.

404 5491 495 5544 26.
527 5489 740 5546 Bonum
785 5489 1108 5560 exspectavi,
1146 5498 1200 5546 et
1227 5489 1373 5546 venit

333 5563 562 5616 malum.

392 5721 482 5778 27.
511 5721 576 5775 Ει
606 5736 713 5776 non
751 5722 1036 5779 siluerunt.

402 5812 489 5868 29.
526 5811 878 5870 Draconibus.

1523 2238 1591 2292 17

1520 2329 1588 2382 18

1516 2490 1608 2547 20.

1518 2652 1606 2708 22.

1520 2811 1613 2867 26.

1519 3039 1610 3092 27.

1442 3186 1443 3189 η
1524 3129 1616 3184 29.

1639 3246 1966 3303 VULGATA
2004 3246 2276 3305 LATINA.

1516 3360 1566 3412 1.
1596 3357 1848 3416 Iuniores
1882 3369 2144 3430 tempore.

1513 3451 1651 3506 Cum
1681 3453 1908 3509 canibus
1929 3455 2108 3525 gregis
2137 3456 2263 3510 mei.

1516 3615 1567 3698 2.
1595 3614 1662 3670 Ει
1686 3616 1795 3672 vita
1822 3616 1938 3687 ipsa
1975 3616 2306 3687 putabantur
2333 3608 2479 3675 indi-

1445 3701 1557 3756 gm.

1435 3829 1438 3834 .
1493 3780 1571 3848 "5.
1601 3777 1849 3849 Egestate
1876 3786 1931 3835 et
1967 3778 2111 3835 fame
2141 3779 2374 3836 steriles.

1516 3941 1568 3995 4.
1611 3941 1679 3995 Ει
1712 3941 2042 3996 mandebant
2085 3940 2284 3995 herbas
2317 3948 2371 3995 et
2396 3955 2484 3995 ar-

1442 4011 1639 4068 borum
1676 4013 1930 4067 cortices.

1518 4103 1585 4158 Et
1607 4103 1761 4158 radix
1781 4103 2157 4174 juniperorum
2182 4109 2299 4156 erat
2329 4101 2483 4157 cibus

1441 4189 1654 4229 eorum.
1691 4203 1722 4216 η

1519 4264 1570 4318 7.
1605 4265 1708 4329 Qui
1749 4265 1890 4319 inter
1912 4262 2291 4334 hujuscemodi
2334 4264 2482 4318 laata-

1441 4333 1660 4390 bantur.

1510 4424 1566 4481 8.
1605 4425 1948 4494 Ignobilium.

1512 4585 1600 4640 12,
1631 4584 1799 4652 Quasi
1826 4584 2080 4639 ﬂuctibus
2104 4583 2313 4640 semitis
2337 4583 2476 4640 suis.

1506 4679 1600 4745 15,
1635 4678 1719 4734 16.
1780 4677 2100 4732 Pertransiit
2141 4677 2289 4732 salus
2337 4691 2476 4729 mea.

1440 4750 1597 4831 Nunc
1625 4757 1805 4831 autem
1833 4749 1887 4802 in
1913 4747 2236 4818 memetipso
2268 4763 2479 4802 marce-

1441 4830 1542 4875 SCll’.
1569 4830 1750 4873 anima
1780 4833 1921 4873 mea.

1512 4909 1602 4965 17.
1633 4909 1818 4965 Nocte.

1513 5003 1600 5056 18.
1639 5003 1803 5068 Quasi
1843 5001 2043 5071 capitio
2097 5001 2294 5056 tunicae
2348 5015 2468 5056 suc-
2539 5045 2546 5054 .

1441 5073 1727 5129 cinxerunt
1763 5087 1870 5127 me.

1508 5164 1599 5219 20.
1633 5162 1750 5228 Sto,
1788 5172 1842 5218 et
1868 5177 1977 5217 non
2005 5161 2232 5231 respicis
2264 5177 2368 5217 me.

1514 5323 1604 5379 22.
1633 5321 1838 5378 Elisisti
1870 5337 1958 5377 me
1980 5321 2177 5377 valide.

1514 5485 1603 5540 26.
1638 5485 2030 5556 Exspectabam
2059 5485 2222 5551 bona,
2243 5493 2296 5541 et
2313 5499 2478 5542 vene-

1442 5568 1573 5613 runt
1605 5557 1738 5610 mihi
1769 5556 1931 5610 mala.

1511 5720 1601 5775 27.
1636 5720 1856 5790 Absque
1882 5720 1990 5774 ulla
2023 5721 2227 5792 requie.

1515 5811 1606 5866 29.
1634 5809 1961 5867 Draconum.

2924 607 3196 660 ΑΚΥΛΑΣ

2631 775 2682 828 1.
2717 774 2944 846 Βραχεῖς
2982 774 3108 844 παρ’
3160 771 3257 843 ἐμὲ
3299 771 3417 835 ταῖς
3448 767 3588 843 ἡμέε-

2557 861 2695 915 ραις.

2619 1256 2657 1311 3

2624 1344 2658 1398 4

2628 1665 2677 1719 7.

2751 1917 2979 1988 Τρῑϐους
3005 1915 3352 1990 ὲπιδλυσμοῦ.
3466 1964 3473 1976 .

2634 2008 2725 2074 15,
2755 2009 2840 2064 16.

2639 2239 2664 2291 1
2675 2237 2723 2293 7.

2631 2329 2719 2384 18.

2629 2495 2719 2554 20.

2628 2659 2721 2716 22.

2624 2817 2716 2873 26.

2627 3047 2718 3103 27.

2629 3137 2722 3194 29.

2926 3249 3199 3319 AQUILA.

2626 3365 2682 3420 1.
2707 3363 2990 3422 Breviores
3019 3379 3106 3420 me
3127 3362 3338 3422 diebus.

2621 3623 2680 3682 2.

2621 3787 2678 3843 5.

2623 3947 2680 4002 4.

2625 4267 2675 4321 7.

2624 4427 2676 4483 8.

2630 4588 2717 4643 12.
2751 4585 2986 4644 Semitas
3019 4583 3381 4656 scaturiginis.

2626 4678 2803 4748 15,16

2623 4907 2709 4962 17.

2621 4998 2711 5052 18.

2619 5157 2712 5214 20.

2508 5318 2713 5375 ’22

2617 5481 2710 5538 26.

2621 5713 2723 5790 27.

2630 5804 2720 5859 29.

3488 382 3585 437 L68
