4132 6464
462 457 564 511 613

782 563 1210 620 Ei‘M‘MAXOXn

545 727 750 782 ’Λπώλε
758 743 875 792 σας.

461 1080 575 1117 του.

533 1151 620 1209 10.
649 1149 740 1223 Τῷ
765 1149 1132 1223 τεθλασμένῳ.

545 1248 892 1320 Ἔπικαίρως.

531 1338 619 1391 11.
657 1339 768 1390 Καὶ
796 1338 1204 1409 πεποιθήσουσι.

535 1588 627 1642 12.

521 1675 641 1739 Τὰς
673 1643 916 1747 μηχανὰς
949 1674 1134 1730 αὑτοῦ.

529 1835 620 1892 11.

529 1995 617 2049 15.
648 1995 759 2059 Τὰς
780 1994 1039 2067 ὑμνήσεις
1067 2010 1182 2050 σου.

537 2087 624 2143 16.

527 2247 616 2302 17.

521 2639 696 2704 Melo;
721 2634 1102 2708 διαψάλματος.

531 2809 618 2861 18.

529 2899 619 2954 19.

739 3123 1186 3180 ΒΫΜΜΑΟΙ-Ιυὸ.

527 3217 836 3275 Perdidisti.

527 3469 790 3614 :irmavit
805 3555 1016 3628 judicio
1033 3557 1288 3614 thronum
1312 3571 1494 3614 suum.

531 3787 618 3842 ιο.
653 3788 867 3844 Fracto.

534 3879 862 3949 Opportune.

537 4041 618 4095 11.
653 4039 718 4095 Et
755 4037 1046 4095 confident.

537 4362 624 4416 12.

535 4456 810 4512 Machinas
837 4455 978 4526 ejus.

537 4616 623 4674 11.

537 4773 621 4828 15.
653 4772 890 4843 Hymnus
917 4779 1060 4826 tuos.

539 4859 626 4915 16.

543 5021 626 5077 t7.
661 5007 674 5019 '

536 5413 705 5472 Malos
738 5411 1132 5486 diapsaimatis.

541 5575 606 5630 18

537 5731 624 5788 19.

535 945 773 1066 ξίίδρασε
811 993 992 1063 κρίσει
1047 991 1136 1044 τὸν
1172 989 1357 1061 Θρόνον
1410 992 1508 1044 αὖ-

1873 440 2193 500 PSALMUS
2233 441 2324 498 IX.

2071 559 2147 611 θ’.

1666 715 1938 770 Ἀπώλετο
1964 715 2024 769 τὸ
2053 715 2398 787 μνημόσυνον
2423 715 2623 770 αὐτῶν.

1652 807 1787 862 Μετ’
1815 808 1969 877 ἤχου.
2009 807 2240 872 Ἄλλοι,
2271 807 2366 859 σὺν
2400 807 2600 869 αὐτοῖς.

1653 899 1702 954 8.
1739 899 1930 954 Μένει.

1623 1062 1636 1078 ‘
1663 991 1986 1071 'H_-.o£p.aaev
2027 991 2085 1043 ὲν
2119 988 2297 1056 κρίσει
2329 987 2417 1042 τὸν
2442 987 2626 1058 θρόνον

1579 1078 1764 1116 αυτου.

1649 1154 1737 1209 10.
1772 1153 1862 1224 Τῷ
1887 1153 2094 1222 πένητι.

1657 1245 1748 1299 Ἐν
1782 1244 2108 1316 εὐκαιρίαις.

1651 1339 1675 1392 1
1692 1337 1710 1390 Ι
1725 1379 1738 1391 .
1772 1338 1882 1390 Καὶ
1911 1333 2306 1388 ὲλπισάτωσαν.

1649 1429 1772 1481 Ὅτι
1803 1427 1902 1480 οὐκ
1931 1423 2308 1494 ἐγκατέλιπες.
2372 1423 2623 1487 Ἄλλος,

1577 1499 1638 1551 οὐ
1673 1497 1782 1568 γὰρ
1810 1495 2186 1566 ἐγκατέλιπες.

1651 1591 1738 1644 12.
1772 1588 1862 1658 Τῷ
1890 1583 2250 1641 κατοικοῦντι.

1649 1680 1731 1733 Τὰ
1757 1677 2168 1748 ἐπιτηδεύματα
2195 1673 2380 1748 οιὺτοῦ.
2431 1673 2616 1736 Ἀλλ.,

1581 1749 1650 1802 τὰ
1677 1749 1892 1818 μηχανή
1904 1743 2049 1814 μειτὰ
2068 1743 2255 1798 αὐτοῦ.

1654 1844 1742 1898 11.
1787 1841 2035 1912 Ἐλέησόν
2061 1858 2156 1912 με,
2191 1837 2384 1907 Κύριε,
2423 1835 2498 1888 ῑδε
2528 1833 2624 1906 τὴν

1582 1913 1909 1967 ταπείνωσίν
1939 1927 2059 1982 μου.

1653 2005 1742 2060 15.
1773 2004 1884 2067 Τὰς
1917 2002 2150 2065 αἰνέσεις
2185 2017 2301 2052 σου.

1653 2095 1740 2150 16.
1789 2093 2184 2163 Ἐνεπάγησαν.
2237 2089 2471 2154 Ἄλλος,
2501 2086 2637 2140 ἐϐα-

1582 2165 1906 2235 πτίσθησαν.

1653 2257 1740 2311 17.
1769 2254 2040 2309 Γνώσεται
2103 2251 2308 2322 Κύριος
2382 2249 2628 2371 ximam

1657 2326 1770 2371 ιῶν-
1821 2327 2054 2371 ἈΔ-λορ.
2116 2319 2360 2371 ἐγνώσθη
2478 2321 2628 2371 timo:

1581 2326 1771 2381 ποιῶν.
1814 2327 2054 2388 Ἄλλος,
2116 2319 2360 2390 ἐγνώσθη
2423 2319 2628 2390 Κύριος

1580 2399 1756 2467 κρῖμα
1779 2395 2027 2463 ποιήσας.

1649 2485 1865 2566 Χειρῶν
1899 2481 2082 2538 αὑτοῦ.
2143 2481 2380 2542 Ἄλλος,
2409 2475 2626 2548 ταρσῶν

1581 2574 1765 2610 αυτου.

1662 2645 1788 2718 ᾮδὴ
1813 2642 2204 2718 ᾂιαψάλματος.
2228 2639 2423 2700 ’Ἁλλ.,
2455 2633 2626 2705 μελῲ-

1579 2718 1644 2788 δη
1653 2715 1730 2786 μὰ
1757 2715 1864 2769 ἀεί.

1645 2805 1734 2859 18.
1779 2801 2335 2872 Ἀποστραφήτωσαν.

1649 2895 1734 2950 19.
1766 2895 1889 2947 ’Ότι
1912 2895 2012 2946 οὐκ
2045 2891 2124 2954 εἰς
2157 2889 2310 2951 τέλος
2332 2883 2624 2955 ἐπιλησθὴο

1577 2983 1747 3019 σεται.
1785 2965 2029 3028 Ἄλλος,
2085 2961 2146 3014 οὐ
2201 2958 2310 3030 γὰρ
2351 2959 2434 3021 εἰς
2472 2955 2622 3018 τέλος

1578 3034 2024 3107 ὲπιλησθήσεται.

1751 3122 1895 3176 LXX
1932 3115 2436 3176 INTERPRETES.

1647 3217 1817 3274 Periit
1847 3214 2112 3272 memoria
2143 3227 2357 3270 eorum.

1646 3377 1786 3434 Cum
1822 3376 2026 3433 sonitu.
2056 3375 2188 3442 Alii,
2223 3389 2347 3431 cum
2383 3373 2539 3445 ipsis.

1647 3469 1700 3524 8.
1734 3468 1932 3524 Manet.

1647 3556 1870 3614 Paravit
1947 3562 2005 3616 in
2082 3557 2292 3630 judicio
2361 3557 2623 3612 thronum

1577 3640 1759 3683 suum.

1651 3788 1738 3842 10.
1767 3787 2023 3859 Pauperi.

1650 3877 1709 3933 In
1741 3877 2264 3950 opportunitatibus.

1656 4038 1744 4094 11.
1771 4037 1837 4094 Ει
1866 4046 2104 4110 sperent.

1653 4199 1921 4265 Quoniam
1945 4213 2054 4252 non
2077 4193 2436 4266 dereliquisti.
2452 4193 2624 4255 Alius.

1583 4283 1692 4322 non
1726 4269 1872 4322 enim
1897 4267 2256 4337 dercliquisti.

1653 4357 1740 4412 19..
1773 4355 2074 4412 Habitanli.

1654 4445 1842 4532 Studia
1909 4435 2051 4518 ejus.
2084 4446 2278 4510 Atius,
2345 4444 2628 4500 machina-

1577 4527 1758 4574 menta
1786 4527 1927 4588 ejus.

1651 4609 1737 4663 M.
1765 4607 2022 4664 Miserere
2043 4609 2170 4674 mei,
2215 4605 2466 4671 Domine,
2505 4605 2626 4660 vide

1577 4679 1940 4734 humilitatem
1971 4693 2173 4734 meam.

1651 4769 1741 4823 15.
1772 4767 2142 4824 Laudationes
2175 4775 2316 4823 tuas.

1663 4858 1746 4984 if.
1775 4859 1960 4915 Inﬁxae
1985 4867 2133 4914 sunt.
2161 4857 2336 4924 Alius,
2365 4855 2628 4912 demersae

1583 4944 1685 4984 sun
1717 4969 1732 4984 .

1654 4945 1685 4982 1]
1693 4945 1732 4984 ι.

1657 5019 1746 5072 17.
1781 5018 2151 5088 Cognoscetur
2177 5017 2442 5088 Dominus
2483 5015 2632 5088 ju_di-

1584 5088 1669 5142 eia
1708 5085 1936 5144 faciens.
1958 5090 2145 5158 Atius,
2180 5087 2398 5158 agnitus
2417 5097 2499 5141 est
2525 5085 2629 5140 Do-

1584 5158 1769 5212 minus
1797 5173 1920 5212 cum
1949 5156 2234 5226 judicium’
2258 5156 2406 5212 fecit.

1657 5247 1916 5302 Mannum
1955 5263 2203 5304 suarum.
2249 5247 2438 5312 Alius,
2480 5245 2628 5300 vola-

1583 5331 1706 5370 rum
1742 5333 1990 5372 suarum.

1654 5407 1944 5472 Canticum
1961 5405 2354 5476 diapsalmatis.
2384 5405 2496 5473 AL,
2521 5421 2630 5464 me-

1582 5476 1727 5532 todia
1753 5491 1991 5546 semper.

1656 5569 1743 5623 18.
1773 5569 2125 5626 Avertantur.

1657 5730 1745 5785 19.
1774 5727 2044 5795 Quoniam
2079 5745 2188 5786 non
2215 5731 2267 5786 in
2297 5731 2457 5787 ﬁnem
2489 5733 2625 5788 obli-

1581 5801 1670 5854 vio
1702 5802 1826 5855 erit.
1855 5800 2029 5870 Alius,
2053 5817 2160 5862 non
2191 5801 2334 5859 enim
2375 5803 2430 5858 in
2459 5803 2620 5860 ﬁnem

1575 5870 1782 5927 oblivio
1819 5873 1944 5928 erit.

3027 558 3431 618 ΘΕΟΔΟΤΙΩΝ.

2773 895 2824 952 8.

2773 1143 2860 1198 10.

2773 1321 2858 1374 11.

2773 1575 2860 1630 η.

2767 1827 2856 1882 11.

2771 1988 2857 2043 15.
2891 1989 3030 2054 Τοὺς
3067 1988 3320 2054 ἐπαίνους
3347 2007 3460 2046 σου.

2769 2077 2860 2138 16.

2773 2237 2856 2293 17.

2767 2628 2979 2700 Φθογγὴ
3004 2630 3109 2684 ἀεί.

2769 2788 2858 2842 18.

2774 2879 2862 2934 19.

3011 3109 3418 3170 τιιΕοῡοΤιο.

2775 3774 2858 3829 10.

2673 4065 2682 4073 .
2775 4023 2860 4077 II.

2776 4363 2864 4416 1‘2.

2773 4613 2860 4668 14.

2771 4773 2860 4829 15.
2886 4771 3098 4829 Laudes
3131 4783 3272 4834 tuas.

2773 4865 2862 4922 16.

2779 5023 2864 5082 17.

2770 5413 2885 5471 Vox
2923 5431 3162 5492 semper.

2767 5573 2862 5628 18.

2771 5731 2860 5790 19.

3644 445 3750 503 ιω
