4114 6408
289 379 428 435 1049

615 492 1016 546 ΣΥΜΜΑΧΟΣ.

360 811 446 864 14.
473 809 808 879 Δικαιοσύνη
825 809 1054 863 ἑκάστου
1076 811 1332 879 προελεύ-

289 899 440 934 σεται
471 879 652 942 αὑτὸν,
676 880 770 934 καὶ
791 878 945 950 θήσει
967 879 1046 944 εἰς
1075 881 1188 934 ὁδὸν
1207 883 1331 948 τοὺς

288 950 455 1016 πόδας
475 950 661 1005 αὑτοῦ.

596 1040 1035 1105 SYMMACHUS.

365 1303 455 1358 14.
490 1301 708 1358 Justitia
738 1302 1172 1372 uniuscujusque
1203 1317 1343 1372 prae-

292 1373 448 1428 cedet
485 1389 632 1439 eum,
667 1381 722 1428 et
759 1384 925 1444 ponet
957 1373 1010 1426 in
1054 1374 1141 1428 via
1178 1374 1344 1443 pedes

291 1458 448 1498 81105.

1637 377 1960 439 PSALMUS
1993 382 2253 438 LXXXV.

1898 500 1964 554 0'.

1473 653 1583 707 Καὶ
1608 654 1700 707 ἐπὶ
1727 656 1852 718 τοὺς
1877 656 2058 719 ὁσίους
2090 657 2275 712 αὑτοῦ.
2307 658 2447 712 Ἀλ-

1402 726 1512 787 λος
1533 765 1548 787 ,
1585 726 1679 777 καὶ⁹
1709 726 1803 778 ἐπὶ
1835 726 1961 790 τοὺς
1992 728 2192 794 ἁγνοὺς
2221 728 2407 783 αὑτοῦ.

1477 815 1566 868 14.
1621 816 1942 887 Δικαιοσύνη
2001 817 2240 872 ἐναντίον
2284 819 2448 872 αὐτοῦ

1406 886 1834 1008 πίοι-πορεύσεται
1857 927 1871 949 ,
1918 886 2012 940 καὶ
2042 888 2196 959 θήσει
2227 891 2306 954 εἰς
2332 890 2450 943 ὁδὸν

1406 974 1435 1008 τ
1496 955 1806 1008 διαδήματα
1831 957 2016 1008 αὑτοῦ.

1405 955 1473 1009 τὰ
1496 955 1806 1026 διαδήματα
1831 957 2016 1012 αὑτοῦ.

1577 1050 1719 1104 LXX
1759 1051 1826 1105 ΙΝ
1833 1052 2262 1109 TERPRETES.

1479 1144 1547 1198 Et
1570 1161 1735 1216 super
1765 1156 1984 1204 sanctos
2009 1164 2160 1206 suos.
2200 1150 2374 1215 Alius,
2399 1161 2452 1204 et

1410 1230 1575 1284 super
1609 1227 1792 1272 castos
1824 1234 1978 1274 suos.

1484 1306 1574 1360 M.
1609 1304 1828 1362 Iustitia
1871 1319 1998 1365 ante
2037 1325 2164 1365 eum
2209 1310 2465 1365 ambula—

1414 1373 1512 1440 bit,
1535 1385 1588 1431 et
1615 1387 1781 1448 ponet
1812 1380 1866 1434 in
1898 1380 1986 1434 via
2014 1396 2236 1451 gressus
2267 1396 2418 1436 suos.

2838 503 3230 565 ΘΕυΔΟΤωΝ.

2592 823 2676 879 14.

2825 1055 3233 1114 THEODOTIO.

2599 1313 2687 1367 M.

1072 1606 1244 1666 Notae
1276 1611 1337 1666 et
1371 1606 1559 1667 varia)
1589 1606 1898 1671 lectiones
1954 1609 2033 1671 ad
2066 1608 2389 1671 Psalmum
2436 1611 2787 1673 LXXXIV.

293 1707 407 1771 bet,
436 1703 622 1757 τούτου
650 1702 749 1774 τὴν
784 1703 1021 1758 διάνοιαν
1051 1703 1380 1826 σαφέπεὲον
1406 1703 1762 1760 ὲκδεδὼκασιν
1784 1709 1833 1760 οἱ

294 1774 474 1826 λοιποὶ
499 1776 849 1826 ὲοαηνευταὶ.
883 1774 977 1826 καὶ
1011 1774 1243 1826 μάλιστα
1334 1773 1626 1826 Σύμαανος
1651 1776 1841 1826 εἰπὼν.

1940 1708 2292 1776 δικαιοσύνη
2306 1717 2410 1763 etc.
2421 1749 2435 1772 ,
2449 1708 2694 1763 indicans
2709 1708 2944 1778 reliquos
2957 1708 3561 1791 interpretcsclariorcm

1950 1793 2113 1826 nuam
2135 1777 2295 1826 LXX-
2317 1789 2367 1826 et
2391 1778 2718 1826 Svmmaclm
2734 1777 2946 1826 amnem
2975 1795 3279 1826 vermnnnm
3307 1781 3561 1826 edidisse.

294 1774 474 1835 λοιποὶ
499 1776 849 1846 ὲρμηνευταὶ,
883 1774 977 1827 καὶ
1010 1774 1243 1843 μάλιστα

625 2123 1027 2177 ΣΥΜΜΑΧΟΣ.

376 2287 424 2340 1.
454 2285 736 2358 Προσευχὴ
763 2284 858 2340 τοῦ
880 2283 1059 2338 Δαυίδ.

369 2383 425 2438 2.

370 2547 426 2602 3.
457 2546 578 2598 Ὅτι
600 2543 738 2612 πρὸς
776 2543 836 2596 σὲ
863 2543 1042 2614 βοήσω
1067 2541 1184 2595 καθ’
1213 2540 1342 2595 ἑκά-

302 2633 435 2687 στην
472 2616 701 2686 ἡμέραν.

371 2715 425 2768 5.
455 2713 565 2766 Καὶ
589 2710 782 2781 ἀφιών.

375 2807 426 2891 ’1.
465 2801 888 2872 Ἐπικαλέσομαί
940 2816 1020 2865 σε,
1073 2798 1154 2851 ὅτι
1193 2800 1344 2850 εἰσα-

302 2892 517 2938 κουσεις
547 2891 670 2945 μου.

376 2969 462 3022 11.
509 2964 818 3030 ’Υπόδειξόν
860 2979 982 3048 μοι,
1020 2960 1216 3046 ἰξύριε,
1247 2959 1345 3080 τήν

376 3039 418 3080 lu
463 3054 572 3080 σου.
639 3036 728 3080 ἵνα
755 3034 959 3080 ὁδευσω
1003 3047 1069 3080 ττι
1121 3028 1286 3080 ἀληθε
1313 3045 1345 3080 α

302 3039 418 3092 ὁδόν
463 3054 577 3104 σου,
639 3028 959 3089 ἵναοδεύσω
1003 3033 1070 3101 τῇ
1113 3028 1348 3100 ’ἀληθείᾳ

305 3125 422 3162 σου.

379 3201 617 3255 Ἕνωσον
654 3198 752 3268 τὴν
772 3197 998 3270 καρδίαν
1027 3213 1126 3268 μου
1154 3197 1234 3258 εἰς
1257 3194 1338 3264 φό-

306 3271 399 3326 ϐον
429 3271 524 3324 τοῦ
554 3269 813 3341 ὀνόματός
841 3269 955 3320 σου.

383 3362 472 3417 14.

377 3522 488 3576 Καὶ
510 3520 798 3589 συναγωγὴ
823 3516 1207 3572 ἁνυποστάτων
1229 3515 1352 3584 ἐζή-

307 3610 476 3664 τησαν
504 3593 602 3662 τὴν
632 3592 810 3661 ψυχήν
843 3605 965 3658 μου.

380 3683 468 3740 16.
493 3684 590 3746 Δὸς
621 3678 947 3752 ἱσχὺνπαρὰ
967 3676 1062 3732 σοῦ
1078 3675 1154 3748 τῷ
1182 3675 1352 3746 δούλῳ

311 3770 429 3808 σου.

596 3838 976 3897 SYMMACHU
986 3841 1044 3893 S.

386 3947 436 3999 1.
471 3941 660 3998 Oratio
695 3941 867 4014 ipsius
907 3940 1098 3996 David.

383 4104 439 4161 ἓ.

387 4198 440 4251 5.
482 4196 749 4262 Quoniam
783 4194 850 4250 ad
893 4202 946 4249 te
983 4193 1231 4248 clamabo
1260 4206 1358 4262 per

313 4281 759 4336 unamquamque
787 4265 954 4320 diem.

385 4429 442 4485 5.
464 4429 531 4484 Et
549 4428 850 4484 dimittens.

389 4587 440 4640 7.
504 4586 773 4644 lnvocabo
821 4593 876 4641 te
921 4584 1052 4655 quia
1098 4584 1359 4640 exaudies

393 4751 478 4803 11.
509 4749 746 4804 Ostende
767 4749 924 4813 mihi,
942 4747 1192 4813 Domine,
1218 4747 1362 4801 viam

317 4829 508 4884 tuam,
563 4827 624 4873 ut
682 4819 956 4874 ambulem
1024 4820 1080 4874 in
1136 4819 1363 4874 veritate

317 4901 432 4944 tua.

392 5047 557 5131 Unito
610 5065 706 5132 cor
761 5066 944 5108 meum
985 5051 1043 5106 in
1108 5050 1362 5106 timorem

320 5130 558 5178 nominis
584 5130 683 5178 ull.

405 5350 495 5406 14.

357 5513 368 5524 ⁸
397 5441 463 5524 Et
481 5455 755 5522 synagoga
773 5441 1197 5498 intolerabilium
1221 5457 1366 5512 quae-

325 5521 456 5568 Βίνίι
487 5521 730 5566 animam
758 5527 958 5567 meam.

326 5823 344 5868 ι
405 5742 489 5796 16.
524 5741 600 5799 Da
632 5741 1007 5799 fortitudinem
1043 5758 1073 5798 a
1124 5751 1173 5800 te
1209 5758 1369 5801 servo

351 5828 441 5868 uo.

351 5828 441 5868 υο.

784 6014 816 6052 f

1334 1773 1626 1846 Σύμμαχος
1651 1776 1842 1844 εἰπὼν,

1578 2025 1713 2086 PSA
1725 2025 1936 2086 LMUS
1974 2026 2294 2088 LXXXV.

1908 2124 1986 2179 0'.

1490 2286 1542 2341 1.
1572 2286 1855 2357 Προσευχὴ
1881 2286 1960 2357 τῷ
1980 2285 2162 2340 Δαυίδ.

1419 2447 1431 2460 ι
1569 2377 1752 2440 Ὅσιός
1802 2380 1935 2448 εἰμι.
2001 2379 2235 2443 Ἄλλος,
2297 2378 2459 2445 ἁγνὸς

1415 2461 1440 2496 ε
1480 2464 1547 2502 ω.

1445 2463 1540 2594 γὸ.
1573 2539 1695 2610 Ὅτι
1721 2541 1858 2610 πρὸς
1889 2538 1946 2591 σὲ
1971 2537 2310 2609 κεκράξομαι
2333 2539 2460 2610 ὅλην

1414 2609 1513 2680 τὴν
1547 2611 1579 2680 ή
1587 2609 1654 2680 μέ
1663 2609 1778 2679 ραν.

1487 2701 1538 2755 5.
1571 2702 1682 2755 Καὶ
1703 2701 1970 2772 ἐπιεικής.

1485 2790 1538 2843 7.
1568 2789 1885 2861 ἑἘκέκραξα
1917 2791 2056 2861 πρὸς
2100 2788 2181 2852 σὲ,
2211 2789 2292 2842 ὅτι
2328 2790 2465 2860 ἐπή-

1416 2859 1615 2922 κουσάς
1646 2859 1768 2931 μου.

1493 2951 1579 3005 11.
1624 2950 1918 3020 Ὁδήγησόν
1959 2967 2046 3021 με,
2071 2949 2266 3074 Kasta,
2306 2950 2364 3002 ἐν
2396 2951 2463 3021 τῇ

1493 3021 1522 3074 ἰ)
1544 3038 1660 3074 σου.
1685 3024 1778 3073 καὶ
1795 3020 2134 3074 πορεύσομαι
2191 3038 2218 3073 ν
2245 3022 2312 3074 τῆ
2337 3019 2463 3074 ἁλη-

1418 3021 1522 3090 ὁδῷ
1544 3038 1660 3086 σου,
1685 3019 1778 3073 καὶ
1795 3019 2134 3091 πορεύσομαι
2162 3019 2218 3074 ὲν
2245 3022 2314 3090 τῇ
2337 3019 2468 3090 ὰλήὲ

1422 3091 1542 3162 θείᾳ
1573 3108 1688 3144 σου.

1491 3181 1861 3254 Εὑφρανθήτῳ
1918 3182 1948 3251 ἡ
1988 3181 2188 3254 Ακαρδία
2224 3197 2323 3250 μου
2376 3179 2468 3232 τοῦ

1424 3251 1705 3323 φοϐεῖσθαι
1739 3253 1799 3303 τὸ
1836 3251 2007 3321 ὄνομά
2035 3251 2148 3303 σου.

1495 3345 1581 3400 14.
1614 3343 1952 3414 Παράνομοι.
1973 3346 2036 3398 Ol
2049 3343 2275 3409 λοιποὶ,
2299 3343 2468 3412 ὑπερ-

1422 3415 1638 3485 ήφανοι.

1496 3507 1605 3560 Καὶ
1635 3503 1930 3575 συναγωγὴ
1961 3504 2240 3576 κραταιῶν
2273 3503 2469 3575 ἐζήτηο

1427 3593 1524 3630 σαν
1561 3576 1659 3647 τὴν
1685 3576 1864 3646 ψυχήν
1895 3592 2018 3645 μου.

1496 3671 1582 3728 16.
1608 3672 1708 3735 Δὸς
1734 3671 1794 3725 τὸ
1826 3669 2026 3742 κράτος
2066 3685 2160 3722 σου
2209 3667 2287 3739 τῷ
2319 3667 2468 3720 παιδί

1425 3761 1540 3798 σου.

1599 3833 1743 3888 LXX
1779 3831 2278 3887 INTERPRETES.

1499 3938 1552 3992 ι.
1586 3936 1776 3993 Oratio
1797 3937 1899 4008 ipsi
1928 3936 2116 3991 David.

1496 4095 1793 4153 2.Sanctus
1807 4111 1949 4151 sum.
1963 4095 2326 4163 Alius,castus
2342 4108 2462 4165 ego.

1425 4189 1555 4312 (1.5.
1591 4188 1860 4256 Quoniam
1891 4188 1959 4245 ad
1994 4195 2046 4240 te
2083 4185 2333 4242 clamabo
2359 4191 2468 4242 tota

1465 4273 1532 4312 ie.

1465 4273 1532 4314 le.

1500 4418 1553 4473 5.
1580 4415 1646 4472 Et
1671 4418 1838 4474 mitis.

1505 4581 1554 4635 7.
1580 4582 1824 4638 Clamavi
1847 4581 1917 4637 ad
1945 4590 2018 4649 te,
2042 4581 2172 4650 quia
2198 4577 2473 4635 exaudisti

1432 4669 1541 4707 me.

1509 4745 1593 4798 11.
1621 4743 1806 4799 Deduc
1857 4759 1964 4808 me,
2019 4741 2265 4806 Domine,
2301 4741 2353 4795 in
2387 4741 2472 4794 via

1433 4822 1549 4881 tua,
1588 4823 1644 4870 et
1685 4814 1978 4870 ambulaho
2017 4811 2330 4867 in'veritate
2359 4823 2471 4864 tua.

1505 5043 1740 5098 Laetetur
1768 5059 1862 5100 cor
1892 5057 2097 5109 meum,
2163 5051 2224 5098 ut
2284 5042 2476 5098 timeat

1435 5129 1633 5173 nomen
1661 5123 1836 5173 tuum.

1509 5347 1595 5402 M.
1626 5345 1827 5416 Iniqui.
1862 5345 2087 5415 Reliqui,
2125 5343 2368 5415 superbi.

1506 5439 1574 5521 Et
1604 5454 1876 5521 synagoga
1916 5437 2218 5506 potentium
2247 5435 2480 5507 quaasic-

1438 5520 1566 5566 I'IJlll
1597 5520 1833 5565 animam
1864 5523 2062 5564 meam.

1516 5744 1601 5797 16.
1644 5743 1718 5799 Da
1751 5748 2068 5815 potestatem
2120 5748 2265 5796 tuam
2307 5749 2480 5808 puero

1444 5824 1556 5870 1110.

2853 2127 3248 2180 θΕΟΔΟΤΙΩΝ.

2610 2289 2660 2340 1.

2603 2378 2659 2429 ‘2.

2605 2538 2657 2589 5.

2607 2699 2657 2752 5.
2696 2697 2804 2752 Καὶ
2836 2698 3073 2768 ἱλαστής.

2609 2790 2657 2842 ’7.

2613 2951 2701 3004 11.

2612 3345 2698 3399 14.

2618 3667 2703 3722 16.

2849 3827 2936 3881 ΤΗ
2945 3823 3259 3884 ΕΟΟΟΤΙΟ.

2610 4092 2664 4145 2.

2610 4182 2663 4236 5.

2609 4412 2668 4466 5.
2696 4410 2762 4466 Ει
2794 4409 3086 4481 propitius.

2616 4575 2669 4629 7.

2619 4737 2704 4792 11.

2617 5340 2708 5402 16.

2629 5735 2708 5789 Mi.

3397 393 3424 448 1
3433 389 3535 450 950

1950 1793 2114 1848 quam
2135 1777 2296 1848 LXX,
2317 1789 2368 1834 et
2391 1778 2718 1850 Symmacho
2734 1777 2948 1836 amnem
2975 1777 3280 1838 versionem
3307 1781 3564 1838 edidisse.
